3568 6070
581 614 630 664 un
650 613 795 666 rmvars
813 613 971 667 aumcrs.
1368 601 1437 672 107

124 783 178 844 Sed
196 783 299 843 luerit:
321 791 353 841 at
372 801 440 842 eum
461 802 557 860 neque
577 783 762 861 provinciam
784 784 1011 844 administrasse
1032 803 1129 864 neque
1147 788 1306 864 quicquam
1320 789 1440 861 iecisse,

123 903 171 942 cur
193 884 354 960 imperator
380 884 562 944 salutaretur
588 885 730 944 traditum
757 895 813 946 est.
855 886 897 944 Et
917 904 1115 962 quamquam,
1141 897 1174 946 ut
1193 894 1241 948 est
1261 889 1345 949 illius
1366 898 1438 949 tem·

122 986 198 1061 poris
219 985 362 1044 memoria
381 985 499 1044 turbata
519 992 609 1062 atque
630 1005 745 1058 manca,
767 987 888 1046 minime
908 987 941 1046 in
962 987 1136 1048 universum
1157 989 1299 1066 colligere
1319 991 1391 1052 licet
1408 991 1439 1049 id

122 1085 196 1160 quod
221 1104 369 1162 nusquam
395 1065 655 1159 commemoratur,
682 1107 742 1147 non
767 1088 879 1161 luisse,
906 1089 954 1148 hic
980 1097 1081 1149 tamen
1105 1106 1155 1149 res
1176 1089 1264 1148 aliter
1285 1109 1318 1150 se
1338 1091 1437 1150 habet.

122 1184 152 1245 Si
176 1187 251 1245 enim
278 1195 347 1245 ante
369 1185 473 1247 Sullae
494 1196 620 1247 mortem
643 1187 789 1248 Crassum
811 1189 889 1248 tituli
910 1189 1007 1248 nostri
1028 1208 1219 1266 quaeremus,
1247 1210 1283 1250 eo
1305 1201 1439 1268 tempore

122 1285 246 1346 Graecos
274 1287 421 1346 eiusmodi
445 1289 594 1347 honorumv
612 1308 685 1367 erga
705 1289 858 1348 Romanos
880 1290 1001 1348 minime
1022 1290 1164 1368 prodigos
1183 1291 1278 1350 fuisse
1299 1293 1440 1352 memine-

120 1389 206 1447 rimus
231 1407 356 1448 necesse
383 1395 439 1448 est.
484 1389 520 1448 ld
548 1391 626 1448 enim
653 1409 727 1450 casu
752 1391 863 1450 factum
888 1409 977 1450 nemo
997 1391 1127 1468 putabit,
1155 1399 1189 1450 ut
1208 1394 1274 1452 eins
1295 1394 1439 1470 temporis

120 1487 190 1546 tituli
215 1488 369 1548 honorarii
394 1489 598 1550 Romanorum
622 1492 654 1550 in
682 1489 814 1552 Graecia
840 1492 916 1550 nulli
944 1499 1135 1552 servarentur
1160 1493 1217 1552 nisi
1245 1512 1361 1564 eorum,
1388 1495 1440 1570 qui

119 1607 179 1646 cum
200 1591 324 1648 summis
347 1589 532 1650 Graecorum
551 1586 643 1650 rebus
664 1593 902 1652 coniunctissimi
916 1601 1032 1665 essent,
1054 1593 1146 1654 veluti
1165 1595 1202 1652 T.
1226 1593 1348 1668 Quincti
1369 1595 1439 1654 Fla·

119 1689 230 1763 minini,
258 1689 297 1763 Q.
321 1689 435 1750 Caecili
461 1692 577 1752 Metelli
598 1693 796 1766 Macedonici,
822 1692 860 1752 L.
882 1694 1007 1752 Mummi
1027 1695 1169 1767 Achaici,
1197 1694 1234 1754 L.
1256 1696 1354 1756 Licini
1376 1694 1439 1754 Lu·

118 1787 226 1866 culli.¹)
269 1791 386 1866 Quodsi
413 1793 453 1852 ad
477 1800 594 1869 tempus
621 1792 776 1854 Ciceronis
802 1793 1026 1866 descendimus,
1053 1815 1090 1854 eo
1117 1805 1250 1873 tempore
1274 1804 1376 1875 partes
1396 1797 1438 1856 M.

119 1889 215 1950 Crassi
234 1893 266 1950 in
289 1894 379 1953 rebus
401 1894 530 1971 publicis
552 1913 606 1954 eae
626 1893 756 1969 fuerunt,
777 1904 811 1954 ut
832 1895 884 1954 vix
904 1895 1070 1972 putandum
1092 1897 1146 1968 sit,
1168 1897 1299 1958 hominis
1321 1899 1348 1956 ci
1370 1915 1439 1974 cog·

118 1992 173 2049 nati
192 1994 367 2052 memoriam
388 1995 479 2070 plane
499 1995 699 2068 intercidisse,
721 2013 902 2072 quamquam
923 1997 1085 2072 proconsul
1106 2004 1135 2056 et
1149 1999 1311 2074 imperator
1323 1999 1438 2071 fuisset,

117 2095 287 2167 praesertim
308 2115 376 2153 cum
397 2096 471 2154 satis
493 2097 588 2155 multa
608 2096 645 2154 de
666 2096 755 2158 huius
778 2097 920 2173 temporis
942 2097 1112 2154 hominibus
1134 2098 1285 2157 nobilibus
1307 2100 1339 2156 iu
1353 2098 1439 2159 Cice·

117 2195 191 2252 ronis
212 2196 351 2271 epistolis
373 2205 403 2254 et
423 2197 496 2255 alibi
518 2206 638 2262 servata
659 2198 729 2256 sint.

193 2293 280 2368 Quae
310 2298 428 2356 slvere
454 2297 606 2375 disputata
628 2307 711 2370 sunt,
736 2299 856 2372 titulus,
884 2297 1001 2374 dequo
1024 2299 1154 2375 agimuS,
1181 2300 1259 2359 inter
1280 2318 1375 2360 annos
1398 2301 1437 2360 30

117 2414 140 2452 a.
161 2394 228 2455 Chr.
257 2407 291 2456 et
317 2396 355 2455 22
376 2417 405 2474 p.
427 2397 499 2458 Chr.
528 2399 714 2474 compositus
743 2400 783 2458 sit
810 2417 934 2458 necesse
963 2406 1018 2457 est.
1068 2397 1118 2457 Ex
1147 2400 1191 2458 eis
1220 2419 1292 2459 vero
1320 2401 1439 2460 duobus

117 2495 239 2570 Crassis,
261 2499 317 2574 qui
338 2500 368 2557 in
389 2500 447 2558 hoc
467 2508 585 2578 tempus
606 2499 750 2572 incidunt,
773 2518 959 2576 quorumque
979 2507 1103 2580 uterque
1116 2499 1237 2560 Marcus
1251 2501 1345 2560 Marci
1359 2502 1439 2560 filius

116 2597 179 2672 fuit,
205 2609 280 2658 natu
307 2601 415 2672 minor,
441 2619 504 2661 cos.
529 2600 702 2661 llaChr.
724 2601 950 2660 nominetenus
973 2611 1062 2661 notus
1085 2612 1143 2662 est:
1172 2609 1204 2660 at
1225 2603 1289 2662 eius
1311 2611 1438 2679 patrem,

117 2717 172 2758 cos.
193 2701 232 2758 30
250 2721 280 2760 a.
298 2699 386 2774 Chn,
412 2703 560 2762 triumviri
586 2701 739 2779 nepotem,
765 2719 825 2760 non
853 2701 951 2760 solum
979 2722 1018 2762 ex
1045 2704 1203 2764 consulatu
1229 2705 1439 2780 proconsulem

116 2800 304 2861 Macedoniae
319 2812 349 2862 et
362 2804 494 2862 Achaiae
515 2803 609 2862 fuisse
631 2811 758 2874 constat,
780 2802 834 2861 sed
855 2803 945 2862 etiam
966 2804 997 2862 in
1020 2822 1056 2861 eo
1077 2805 1255 2882 magistratu
1275 2812 1375 2864 tantas
1390 2824 1439 2865 res

116 2904 251 2976 gessisse,
274 2911 309 2961 ut
329 2923 409 2962 anno
430 2925 457 2964 a.
474 2903 545 2964 Chr.
561 2903 599 2962 27
623 2904 660 2963 de
675 2903 825 2963 Thraecia
845 2911 876 2962 et
897 2901 1002 2964 Geteis
1024 2905 1223 2982 triumpharet
1243 2906 1314 2965 sasti
1335 2907 1440 2966 trium·

116 3002 214 3078 phales
233 3003 379 3082 produnt.

192 3103 280 3178 Quae
303 3124 394 3182 quum
415 3107 458 3166 ita
479 3107 547 3180 sint,
570 3107 674 3166 titulus
696 3113 784 3184 aptus
806 3107 864 3165 erit
877 3105 921 3164 eis
940 3106 1123 3179 refellendis,
1144 3125 1220 3184 quae
1234 3108 1297 3167 Dio
1312 3105 1440 3168 Cassius

116 3204 161 3277 51,
176 3206 259 3282 36,2
285 3207 400 3268 dehoc
422 3206 534 3268 Crasso
555 3209 662 3280 tradit3
689 3209 775 3268 cuius
795 3209 890 3267 verba
910 3207 984 3266 haec
1005 3215 1089 3266 sunt:
1115 3197 1164 3263 nai
1185 3199 1243 3290 peip
1264 3195 1313 3263 nai
1334 3199 1440 3264 Suriae

115 3295 158 3362 aui
179 3306 321 3392 νικητήρια
342 3303 404 3386 οὐχ
424 3299 466 3366 irc
487 3311 528 3386 τῷ
548 3301 680 3392 Καίσαρι,
700 3302 779 3366 ἀλλὰ
799 3298 848 3366 noi
869 3299 961 3384 iusivtp
983 3295 1155 3382 ἐψηφίσθη,
1176 3301 1209 3363 οὗ
1230 3297 1319 3376 μέντοι
1339 3295 1387 3364 aci
1407 3301 1439 3364 τό
1516 3311 1527 3332 ”

115 3409 163 3464 τοῦ
181 3399 387 3494 αὐτοκράτορος
408 3397 510 3479 iaaac,
537 3401 575 3472 uir
596 3400 630 3486 pi
651 3399 721 3472 rivis
741 3421 847 3486 φασιν,
868 3397 992 3476 ἔλαβεν,
1012 3401 1077 3465 uita'
1099 3402 1112 3464 ὃ
1133 3408 1245 3490 Καῖσαρ
1266 3397 1348 3475 μὸνος
1369 3400 1439 3467 ariri

114 3500 274 3591 rporiSsro.
318 3511 396 3570 Eum
423 3521 543 3572 secutus
570 3511 756 3588 Borghesius
783 3511 864 3570 Ann.
887 3509 959 3569 inst.
981 3510 1046 3568 XX
1067 3507 1178 3584 (1848)
1199 3529 1230 3584 p.
1246 3507 1306 3566 263
1334 3505 1440 3596 Crassi

114 3612 247 3690 exemplo
275 3614 404 3688 probare
430 3614 545 3686 studet,
571 3614 705 3691 Augusti
731 3621 826 3671 aetate
847 3613 967 3671 facilius
988 3611 1082 3670 fuisse
1103 3607 1286 3686 triumphum
1309 3609 1440 3686 assequi,

115 3730 199 3787 quam
219 3715 448 3790 imperatoriam
470 3715 688 3774 salutationem.
723 3715 819 3790 Atqui
836 3715 936 3792 possit
949 3713 1060 3790 aliquis
1076 3712 1185 3783 dicere,
1207 3711 1246 3769 ob
1261 3729 1326 3768 eam
1341 3709 1441 3786 ipsam

114 3831 248 3887 causam,
278 3816 361 3892 quod
381 3815 490 3874 Dionis
512 3817 684 3875 testimonio
706 3823 837 3889 constet,
864 3815 1017 3874 consulem
1039 3813 1108 3872 anni
1124 3813 1164 3872 30
1179 3831 1206 3870 a.
1222 3809 1292 3871 Chr.
1314 3811 1441 3889 impara-

113 3919 205 3984 torem
230 3933 294 3974 non
319 3916 427 3990 luisse,
457 3915 601 3976 Crassum
626 3918 707 3976 tituli
728 3917 824 3975 nostri
845 3917 938 3976 alium
959 3915 1123 3992 putandum
1145 3931 1222 3972 esse.
1267 3910 1336 3986 Qua
1355 3914 1388 3974 in
1408 3933 1441 3972 rc

113 4013 142 4073 id
167 4017 292 4084 minime
320 4024 367 4076 est
391 4018 616 4096 negligendum,
645 4017 727 4094 quod
752 4017 813 4076 Dio
839 4018 906 4093 ipse
932 4017 1056 4076 vocibus
1084 4007 1127 4076 eir
1153 4005 1193 4090 ‘pi
1217 4004 1307 4074 τινές
1332 4024 1442 4091 φιασιν

114 4113 221 4176 additis
249 4117 401 4176 diversam
428 4119 465 4177 de
492 4138 528 4178 ea
553 4140 586 4179 re
607 4118 782 4177 memoriam
802 4119 898 4178 fuisse
918 4117 1037 4176 indicat.
1082 4114 1195 4190 Quidni
1216 4114 1307 4191 igitur
1327 4115 1350 4173 ii
1370 4133 1442 4173 vera

112 4217 283 4291 retulerint,
312 4237 389 4296 quos
410 4219 472 4279 Dio
498 4239 559 4279 non
580 4227 702 4280 secutus
724 4219 789 4278 est?
830 4217 975 4278 Fortasse
996 4219 1088 4276 verba
1108 4210 1171 4274 ἀλλ’
1193 4213 1208 4272 ὅ
1229 4216 1340 4298 Καῖσαρ
1361 4205 1442 4284 μένος

114 4311 180 4374 αὐτὸ
206 4309 363 4402 reperiisse
390 4321 538 4392 indicant,
570 4339 631 4379 non
656 4327 718 4379 tam
746 4321 926 4396 peculiarem
954 4320 990 4378 de
1019 4317 1133 4379 Crasso
1160 4315 1334 4377 memoriam
1361 4315 1442 4393 apud

114 4497 319 4511 ————-—

114 4625 138 4660 a.
150 4612 212 4663 Chr.
237 4629 266 4664 ss
290 4613 419 4678 accepisse
438 4613 507 4663 dicat
530 4593 661 4674 (mutat
678 4611 742 4660 enim
759 4605 1121 4670 mediomatricorum),
1146 4606 1169 4656 si
1188 4621 1219 4656 eo
1238 4612 1353 4670 tempore
1370 4612 1443 4670 gesta

114 4710 188 4765 esset,
209 4719 263 4769 quo
281 4705 337 4768 ipsc
355 4703 440 4766 (natus
455 4705 508 4754 140
520 4718 545 4754 a.
559 4701 632 4764 Chr.)
651 4703 810 4767 trigesimam
828 4703 931 4752 tertium
951 4701 1043 4751 aetatis
1062 4715 1158 4750 annum
1177 4704 1264 4763 ageret
1282 4705 1308 4747 et
1325 4698 1443 4748 tribunus

114 4795 195 4856 plebis
214 4797 300 4844 esset?
337 4795 435 4846 Contra
453 4796 475 4845 si
493 4810 535 4845 res
553 4795 581 4846 in
599 4794 737 4860 pueritiam
753 4795 784 4844 L.
804 4793 892 4844 Crassi
911 4793 1014 4853 incidit,
1034 4792 1110 4842 facile
1129 4790 1287 4854 intelligitur,
1308 4805 1353 4840 cur
1371 4803 1442 4839 soce·
1529 4777 1535 4788 ’

114 4899 169 4934 rum
189 4892 323 4936 auctorem
341 4888 465 4936 nominet.

191 4975 216 5038 ¹)
245 4977 386 5027 Flaminini
410 4978 498 5027 titulus
518 4975 609 5040 Gythii
632 4977 749 5026 inventus
769 4973 798 5024 0.
817 4975 839 5038 Ι.
858 4973 905 5024 Gr.
926 4972 1006 5024 1325.
1042 4973 1086 5022 De
1110 4972 1202 5022 ceteris
1225 4972 1259 5022 cl.
1282 4970 1443 5022 HermesVI

115 5081 139 5128 p.
151 5067 213 5116 140.
229 5067 291 5118 259.
319 5067 361 5118 Er
373 5069 475 5120 Luculli
494 5067 575 5118 titulis
594 5073 663 5118 certe
675 5081 741 5118 unus
761 5057 835 5130 (Ὲῲ.
848 5066 908 5125 192,
922 5062 1042 5128 Hypatis)
1062 5063 1096 5112 ad
1112 5063 1163 5114 hoc
1181 5069 1281 5128 tempus
1293 5059 1443 5114 referendus

114 5164 164 5218 est,
192 5173 274 5222 quum
297 5160 325 5209 iu
348 5174 379 5209 eo
404 5166 525 5224 quaestor
548 5159 655 5209 dicatur.
693 5157 780 5220 (Quas
804 5171 845 5207 res
868 5157 895 5207 in
914 5155 964 5207 hoe
982 5155 1133 5220 magistratu
1151 5154 1179 5204 ia
1198 5153 1309 5207 Graecia
1325 5151 1441 5218 gesserit,

114 5248 173 5298 ride
192 5247 263 5314 apud
280 5251 470 5315 Drumannum,
489 5251 557 5302 Hist.
576 5250 652 5302 Rom.
672 5250 712 5302 IV
730 5263 755 5314 p.
770 5247 842 5308 121.)
