3568 6070
99 597 101 602 ·
120 605 246 656 sor-saa
582 600 665 654 vou.
679 601 709 652 11
726 601 975 656 narranaam.
1369 590 1439 663 183

118 774 365 853 septentriones);
387 775 445 834 nisi
466 774 543 834 forte
559 772 690 834 Comide
711 775 822 834 erravit
843 784 933 853 atque
955 777 985 836 in
1006 777 1060 838 illo
1081 797 1201 858 quoque
1223 799 1277 844 mr
1298 785 1440 864 scriptum

116 887 186 938 erat.
223 877 303 936 Puto
324 877 402 936 enim
424 876 514 935 etiam
537 873 739 938 Salaciensem
761 877 879 937 titulum
902 877 1100 960 Caetobrigse
1120 894 1271 961 repertum
1293 904 1375 962 esse3
1398 891 1440 948 vi·

114 979 197 1038 derat
218 979 303 1038 illum
326 976 450 1038 Clusius
471 978 503 1036 in
525 977 656 1054 Aleapar
678 979 714 1037 do
735 977 792 1040 Sal
811 979 878 1040 vico
900 998 934 1040 err
955 981 983 1040 el
1002 981 1088 1057 traco
1110 986 1145 1043 de
1158 985 1288 1059 Setubul,
1310 986 1441 1050 Cornide

114 1100 206 1158 prope
228 1080 384 1140 ecclesiam
407 1082 442 1138 de
460 1080 490 1137 lu
506 1079 721 1153 Misericordr'a
744 1081 833 1139 sitam
854 1081 937 1140 illam
958 1081 989 1142 in
1010 1085 1092 1161 angs
1113 1087 1191 1146 inter
1210 1107 1295 1148 oram
1316 1088 1442 1152 Setnba·

112 1183 225 1242 lensem
247 1191 278 1241 et
299 1179 448 1242 Salaciam
469 1187 610 1252 veterem,
633 1199 711 1258 qnae
732 1181 764 1241 in
784 1182 914 1258 Alcopor
933 1185 970 1242 do
990 1185 1046 1245 Sal
1066 1187 1230 1248 collocatur
1249 1191 1353 1269 aliqua
1373 1213 1440 1254 cum

111 1283 330 1362 probabilitate,
352 1283 415 1342 iere
429 1281 546 1356 mediis,
566 1283 775 1360 hominemque
789 1283 916 1344 inditari
931 1285 962 1344 in
977 1294 1104 1365 utroquo
1119 1290 1255 1365 eundem,
1270 1312 1335 1353 cum
1350 1297 1441 1356 etiam

111 1385 269 1461 dignitates
291 1403 417 1464 prorsus
438 1384 627 1444 conveniant.
667 1383 748 1444 Nam
769 1385 849 1462 quod
870 1386 902 1445 in
923 1387 1011 1447 titulo
1033 1391 1116 1466 prius
1139 1392 1198 1451 iam
1220 1403 1291 1454 noto
1312 1395 1441 1474 legionis

111 1506 252 1547 uumerus
273 1497 305 1546 et
325 1504 489 1563 cognomen
511 1486 626 1544 omissa
646 1493 730 1561 sunt,
756 1487 788 1544 id
809 1487 919 1547 factum
940 1499 986 1548 est
1007 1509 1046 1550 ex
1069 1494 1182 1553 saeculi
1202 1496 1292 1572 primi
1313 1517 1440 1558 consue·

112 1589 211 1648 tudine
234 1589 403 1648 notissima.
443 1588 549 1664 Itaque
565 1585 755 1667 Caetobriga,
777 1589 858 1666 quod
879 1598 944 1649 erat
965 1592 1107 1670 oppidum
1128 1601 1277 1656 vetustum
1299 1598 1338 1656 ad
1358 1618 1441 1660 mare

111 1690 197 1749 situm
219 1691 259 1750 ab
280 1689 438 1769 Olisipone
459 1689 614 1749 meridiem
635 1707 751 1762 versus,
774 1699 827 1749 ant
848 1691 994 1752 oriundus
1016 1711 1085 1753 esse
1107 1704 1159 1754 aut
1178 1698 1304 1774 praedia
1323 1700 1366 1760 ibi
1386 1702 1440 1761 ha·

111 1792 210 1851 buisse
231 1793 386 1870 putandus
408 1792 465 1852 erit
480 1791 620 1852 Bocchus
641 1809 741 1851 rerum
763 1791 892 1869 scriptor
912 1793 1013 1872 ibique
1035 1797 1124 1855 etiam
1147 1799 1255 1858 statuis
1275 1801 1440 1864 honoratus

110 1911 175 1953 esse
201 1913 221 1952 a
241 1893 337 1954 variIs
363 1893 482 1971 oppidis
504 1891 668 1953 Lusitanis.
711 1885 800 1968 Quod
825 1894 857 1952 in
883 1895 1001 1972 legione
1027 1899 1116 1957 tertia
1136 1899 1283 1962 Africana
1307 1903 1441 1964 tribuna·

110 2003 168 2053 tum
194 1992 326 2054 obtinuit
350 2015 411 2055 non
438 1995 539 2054 obstat
560 1995 669 2072 origini
691 1995 755 2054 eius
774 1994 949 2056 Lusitanus.
993 1997 1107 2059 Bocchi
1128 2019 1295 2077 cognomen
1316 2005 1441 2064 similia·

111 2114 164 2173 que
189 2097 318 2174 originis
344 2097 475 2156 fortasse
497 2096 659 2156 Africanae
685 2096 775 2156 etiam
800 2097 832 2156 in
853 2095 1014 2159 Lusitania
1038 2120 1100 2160 non
1124 2121 1195 2161 rara
1216 2113 1299 2178 sunt3
1325 2107 1440 2167 Boccus

111 2198 139 2257 in
159 2199 255 2259 titulis
271 2198 434 2259 Visaeensi
456 2199 511 2274 (II,
527 2197 603 2275 410)
625 2207 656 2257 et
677 2197 835 2258 (lauriensi
857 2198 913 2275 (11,
929 2199 1003 2279 769)
1025 2201 1182 2278 reperitur.

112 2407 177 2466 292
204 2407 301 2468 Onias'
323 2426 417 2486 prope
440 2404 592 2466 santarem
599 2427 608 2479 3
632 2415 770 2467 servatur
789 2406 948 2486 Ollaripone
971 2411 1003 2469 in
1025 2429 1132 2470 museo
1151 2383 1378 2491 archaeologioo
1401 2419 1437 2475 do

153 2509 266 2571 Carmo.
312 2508 448 2568 Litterae
467 2517 539 2568 sunt
559 2507 689 2587 optimae
711 2510 823 2569 saeculi
844 2511 934 2587 primi
956 2512 1005 2570 vel
1027 2515 1150 2573 secundi
1171 2517 1312 2576 ineuntis.

580 2663 606 2706 a
629 2675 636 2690 ·
662 2662 805 2706 annitius
832 2676 839 2692 ·
865 2649 925 2706 Μ’·
953 2665 969 2707 s

582 2763 659 2807 osc·
676 2763 794 2808 rvscvs
811 2765 876 2808 ·ΑΝ
891 2779 899 2797 ·
913 2767 970 2809 xtv

617 2865 800 2910 r·r·ra·r·c·
843 2867 934 2911 u·s·a

111 2962 256 3041 Ectypum
281 2961 365 3020 misit
387 2959 583 3022 Soromenho.

146 3064 216 3125 V.3
239 3067 315 3143 lego
342 3062 445 3140 r‘(dem)
473 3059 664 3139 t(cstumento)
685 3060 919 3141 Monumentum)
934 3063 1135 3146 gadundam)
1158 3063 1310 3150 c(urorit).
1335 3071 1441 3150 .H(r'c)

111 3168 203 3245 ditus)
225 3167 300 3244 cst).

147 3270 279 3329 Duabus
301 3288 340 3327 ex
361 3267 463 3327 causis
485 3264 632 3344 adscripsi
652 3264 773 3324 titulum
794 3284 849 3343 per
870 3284 904 3326 se
925 3268 1070 3327 memoria
1084 3269 1136 3328 rix
1156 3270 1289 3348 dignum,
1310 3275 1440 3350 primum

110 3377 224 3448 propter
243 3370 414 3430 formulam
434 3388 453 3428 a
474 3369 627 3428 consuetis
648 3367 751 3445 paullo
773 3367 932 3442 diversam,
955 3368 1063 3429 deinde
1083 3380 1206 3446 propter
1226 3392 1381 3433 nnmerum
1402 3393 1440 3434 xc

110 3472 148 3532 ita
166 3475 325 3551 scriptum,
346 3481 380 3531 ut
400 3487 417 3528 ι
439 3471 537 3530 minor
558 3471 600 3529 sit
619 3488 709 3546 quam
729 3485 750 3528 x
767 3469 959 3545 praecedens.
996 3467 1142 3531 Solebant
1155 3473 1234 3532 enim
1248 3483 1337 3551 atque
1351 3475 1441 3536 hodie

111 3575 192 3636 etiam
216 3575 323 3635 solent
348 3573 429 3632 docti
450 3571 582 3649 Hispani
602 3579 692 3648 atque
713 3568 851 3630 Lusitani
872 3589 911 3630 ex
932 3572 987 3630 tali
1008 3572 1156 3650 scriptura
1178 3573 1312 3635 deriuare
1333 3595 1358 3636 rr
1379 3577 1441 3637 lor·

112 3695 184 3737 mam
203 3680 235 3738 in
258 3675 461 3737 monumentis
475 3673 622 3750 Hispanis
642 3672 712 3732 inde
733 3691 752 3732 a
773 3672 895 3732 saeculo
916 3673 979 3734 fere
1001 3681 1088 3734 sexto
1109 3675 1240 3752 positam
1261 3696 1317 3754 pro
1331 3679 1441 3752 xsi1n-

114 3779 193 3856 plici,
218 3779 255 3839 de
283 3796 347 3856 qua
371 3777 435 3836 dini
460 3776 493 3834 in
519 3777 636 3854 sylloge
656 3775 810 3834 titulorum
831 3773 999 3853 Hispaniae
1020 3761 1256 3838 cbrIstianorum
1275 3779 1318 3858 (p.
1334 3765 1439 3860 XIII).

114 3881 243 3959 Apparet
257 3862 333 3941 uero
354 3887 498 3957 quantum
520 3877 610 3938 distet
630 3877 719 3938 xilla
739 3878 907 3936 ornamenti
928 3895 1019 3937 causa
1036 3877 1122 3956 apice
1137 3881 1268 3957 quodam
1283 3883 1331 3942 vel
1346 3883 1442 3944 cauda
1528 3891 1532 3898 '

114 3982 253 4044 instructa
275 3982 315 4042 ab
336 3997 353 4040 r.
374 3981 490 4040 minore
511 3989 582 4057 post
602 3998 623 4040 x
642 3978 752 4056 posita,
773 3979 827 4040 sed
848 3979 892 4039 ita
911 3979 1022 4057 posita,
1043 3986 1077 4040 ut
1097 3981 1180 4042 nulla
1200 3983 1277 4044 inter
1297 4004 1350 4046 eas
1372 4005 1441 4063 per·

116 4085 254 4159 spiciatur
276 4083 459 4145 coniunctio.

115 4219 284 4232 -——-

19 4263 22 4316 λ
115 4293 161 4351 Ad
180 4313 208 4353 n.
225 4291 319 4353 2559.
363 4290 458 4352 Cuius
480 4291 585 4370 oppidi
601 4291 740 4350 Lusitani
761 4310 871 4352 nomen
891 4310 982 4351 versu
1004 4292 1083 4351 tituli
1104 4293 1194 4353 buius
1213 4294 1319 4369 quinto
1340 4293 1442 4371 legen·

153 4394 221 4454 dum
248 4397 303 4467 sit,
330 4413 398 4453 cum
424 4394 493 4454 inde
519 4394 681 4454 asaeculo
696 4394 775 4454 XVI
801 4393 854 4470 (cf.
877 4393 1042 4452 auctarium
1065 4393 1269 4454 addendorum
1290 4414 1319 4472 p.
1337 4393 1441 4474 XLV)

153 4505 219 4556 ante
241 4517 290 4558 me
311 4496 433 4568 nemini,
454 4502 487 4554 nt
501 4495 655 4573 putabam,
675 4495 852 4572 contigisset
866 4503 947 4555 certo
963 4495 1095 4568 definire,
1117 4496 1245 4555 libenter
1259 4515 1306 4556 me
1321 4513 1441 4574 quoque

153 4599 344 4660 concederem
370 4597 520 4658 erravisse
544 4597 671 4657 meliora
691 4597 825 4656 edoctus.
868 4597 1063 4656 Examinavit
1083 4597 1204 4656 titulum
1225 4597 1293 4673 rupi
1314 4597 1442 4657 incisum

153 4718 245 4779 prope
266 4700 372 4760 turrim
392 4699 549 4773 Herculis,
576 4718 653 4776 quae
674 4705 808 4773 vocatur,
833 4717 930 4780 nuper
950 4697 1111 4758 Eduardns
1134 4695 1288 4758 Saavedra
1311 4700 1442 4775 optimus

154 4804 266 4862 amicus
287 4819 456 4877 nomenque
477 4803 560 4879 legit,
580 4809 614 4860 ut
634 4801 749 4876 legerat
769 4800 846 4859 inter
866 4807 912 4860 tot
932 4809 1024 4860 testes
1045 4799 1182 4876 oculatos
1204 4818 1282 4860 unus
1304 4801 1362 4860 hoc
1377 4819 1443 4862 sae-

156 4904 221 4963 culo
241 4904 332 4965 Reda
352 4903 537 4964 Matritensis
560 4902 693 4962 omnium
715 4903 914 4984 nuperrimos,

609 5029 612 5034 '
677 5035 874 5082 arnvnrnrrsrs

119 5153 231 5219 Nomen
258 5157 315 5222 hoc
342 5159 464 5220 aliunde
485 5169 589 5220 notum
610 5177 671 5219 non
692 5176 759 5219 esse
780 5176 836 5219 nec
857 5159 933 5219 satis
954 5158 1156 5219 commendari
1179 5158 1279 5218 forma
1303 5177 1360 5219 sua
1383 5157 1444 5218 non

122 5260 190 5320 satis
217 5231 264 5322 est
289 5264 326 5321 ad
352 5262 512 5322 lectionem
538 5261 743 5320 refellendam.
786 5258 849 5321 Sed
875 5261 958 5320 misit
983 5257 1136 5321 Saavedra
1157 5262 1264 5340 ectypa
1285 5261 1445 5320 chartacea
