3620 6080
328 635 402 710 266
879 645 1105 702 nnn1o1auvs.
1143 581 1147 592 Ι

328 825 484 886 Veronaee
505 843 553 884 me
574 822 691 885 ricardo
719 822 751 880 in
775 821 833 880 due
854 841 1020 881 marmoree
1040 821 1143 881 tabule
1164 820 1196 878 di
1217 817 1251 879 O.
1277 817 1376 879 Gauio
1399 827 1430 878 et
1451 817 1488 878 L.
1511 817 1656 878 Novellio

329 935 359 988 et
399 925 500 987 Gauia
529 921 670 984 Cornelia
705 923 831 982 hauerla
871 932 1022 995 atrouata3
1071 923 1210 981 similiter
1247 921 1430 996 nellantiquo
1463 920 1588 979 delubro
1626 921 1658 979 di

330 1035 435 1087 saneta
454 1027 573 1086 Iustina
598 1024 680 1083 nella
707 1023 767 1084 oua
793 1025 824 1084 di
846 1025 973 1085 Patauio
1000 1032 1030 1082 et
1054 1024 1085 1082 ln
1112 1029 1216 1082 saneto
1244 1022 1361 1081 Hilario
1388 1021 1465 1080 oltre
1491 1019 1661 1098 Benacol).

328 1127 376 1188 La
396 1145 487 1187 raaon
508 1134 539 1186 et
557 1125 655 1186 lorma
675 1125 712 1187 de
734 1125 814 1186 diota
833 1127 933 1188 littera
952 1143 1014 1186 non
1035 1131 1142 1185 atrouo
1167 1123 1247 1184 nelle
1267 1139 1386 1184 mature
1407 1123 1529 1200 antique
1550 1124 1663 1202 perche

329 1229 439 1290 nonai
461 1235 604 1290 costuma.
708 1239 711 1246 ’

373 1613 488 1675 Ordine
505 1613 536 1671 'a
556 1615 707 1673 masinare
734 1632 788 1672 oro
814 1620 844 1671 et
871 1614 1005 1690 augiento
1031 1614 1120 1674 sutile
1142 1631 1196 1690 per
1217 1611 1306 1672 modo
1328 1613 1383 1672 ohe
1405 1621 1437 1670 tu
1458 1632 1496 1671 ne
1518 1613 1619 1687 aoriuj.
1642 1623 1644 1630 ’

412 1797 504 1873 Habij
526 1798 550 1856 il
568 1797 657 1856 uedio
675 1795 741 1873 (aio,
756 1799 776 1856 l.
792 1797 898 1874 vedro)
920 1797 1014 1876 pulito
1028 1817 1046 1857 a
1060 1807 1130 1858 neto
1150 1806 1180 1858 et
1197 1797 1336 1874 agomalo
1352 1797 1496 1874 alquanto
1510 1813 1568 1854 uon
1583 1814 1664 1872 aqua

329 1899 477 1976 agomada
501 1897 591 1969 forte,
621 1917 637 1957 e
665 1897 758 1957 tienlo
786 1915 877 1974 sopra
903 1899 932 1958 el
959 1899 1030 1978 logo
1058 1905 1142 1958 tanto
1171 1897 1226 1958 ohe
1253 1897 1396 1973 alquanto
1421 1897 1585 1975 premendo
1613 1897 1664 1956 ool

328 2001 398 2059 (leto
420 1999 447 2060 ai
470 2001 547 2060 senti
568 1999 597 2058 el
619 1999 738 2060 stridor.
781 1999 839 2059 Poi
859 2001 932 2075 poni
957 2019 1018 2058 uno
1038 2001 1133 2078 foglio
1156 1999 1262 2058 dioro
1284 2000 1390 2058 batuto
1412 2005 1441 2056 et
1461 1997 1538 2057 forte
1559 2017 1665 2074 preme

329 2101 378 2160 ool
392 2101 461 2160 deto
476 2109 559 2160 tanto
574 2099 629 2160 ohe
644 2099 670 2159 ai
682 2101 808 2178 aautigli
828 2108 939 2178 quanto
954 2101 1047 2178 possi,
1067 2121 1084 2161 e
1099 2102 1179 2160 oossi
1194 2117 1313 2176 sempre
1327 2119 1367 2157 ua
1381 2097 1629 2178 giongiendooro
1646 2119 1665 2159 e

329 2202 494 2278 rompendo
516 2201 564 2260 ool
586 2201 655 2260 deto
677 2201 708 2260 di
730 2219 815 2260 mezo
829 2202 866 2261 de
880 2203 911 2260 la
930 2221 1000 2261 mon
1014 2205 1117 2262 deatra
1138 2201 1293 2278 equando
1315 2201 1456 2276 alquanto
1476 2201 1563 2261 fusse
1583 2202 1666 2260 forte

330 2313 448 2380 troppo,
461 2302 586 2380 giongilj
604 2319 721 2378 sempre
735 2321 795 2362 una
805 2321 882 2382 gone
895 2304 926 2361 di
941 2321 1020 2380 aqua
1034 2303 1071 2362 de
1082 2321 1180 2380 goma,
1195 2303 1247 2380 poi
1258 2303 1405 2360 masinato
1418 2302 1476 2368 ohe¹
1487 2302 1542 2374 aia,
1558 2302 1665 2361 laualo

329 2403 382 2480 giu
404 2403 460 2478 [iu]
489 2423 548 2462 una
574 2404 723 2480 oopellinn
748 2404 779 2462 di
802 2405 898 2463 uietro
920 2421 977 2462 con
998 2422 1079 2484 aqua
1099 2421 1185 2480 pura,
1212 2403 1264 2481 poi
1278 2395 1316 2460 'lo
1338 2403 1406 2462 oola
1427 2421 1484 2462 eon
1504 2422 1565 2461 una
1585 2423 1666 2480 peza

331 2511 402 2579 neta
423 2504 460 2562 de
480 2505 544 2564 lino
559 2504 671 2582 duppia
692 2524 708 2564 e
729 2505 830 2563 laualo
852 2503 889 2564 (le
911 2521 992 2564 nouo
1014 2520 1068 2581 per
1082 2513 1189 2582 quatro
1210 2505 1299 2576 liade,
1321 2523 1337 2562 e
1359 2521 1434 2580 auga
1451 2504 1502 2579 poi
1523 2504 1611 2563 fuora
1632 2505 1666 2563 la

330 2606 394 2664 dita
415 2623 494 2682 aqua
519 2615 550 2664 et
574 2607 738 2682 temporalo
766 2624 822 2664 eon
849 2625 928 2683 aqua
953 2623 1026 2664 rosa
1051 2613 1191 2684 agomata
1212 2606 1299 2664 dolze
1320 2624 1337 2663 e
1357 2605 1409 2682 poi
1430 2622 1467 2664 ne
1488 2605 1578 2680 aoriuj
1606 2623 1665 2665 eon

329 2706 362 2764 la
373 2707 483 2782 penna,
505 2706 656 2783 equando
677 2708 706 2766 le
720 2709 820 2766 littere
834 2727 940 2768 nerano
957 2709 1038 2768 aiche
1060 2717 1129 2788 etn
1142 2708 1170 2767 le
1191 2708 1341 2767 brunisoie
1362 2707 1410 2764 ool
1425 2705 1513 2764 dente
1528 2706 1559 2764 di
1573 2691 1663 2766 leone

331 2823 405 2864 ouer
426 2807 499 2882 lupo
526 2825 544 2864 o
570 2825 660 2879 eane,
689 2827 705 2866 e
727 2817 868 2868 ataranno
894 2811 979 2868 bene.
1023 2807 1062 2866 El
1089 2809 1187 2868 simile
1209 2808 1290 2868 aifa
1310 2808 1494 2884 delargiento
1516 2827 1534 2866 a
1555 2818 1665 2884 questo

330 2925 346 2963 e
368 2907 391 2964 il
413 2907 503 2966 modo
525 2909 555 2966 di
577 2927 633 2981 me,
656 2907 821 2982 Felioian0,
844 2911 865 2967 il
887 2912 976 2986 quale
997 2911 1028 2969 io
1051 2911 1150 2988 aoglio
1175 2928 1262 2968 usare
1284 2910 1333 2968 nel
1353 2909 1414 2968 mio
1436 2909 1577 2968 attinere.
1614 2911 1665 2971 Ne

331 3005 397 3081 (ne)
420 3014 507 3066 trouo
529 3008 551 3065 il
574 3009 685 3085 meglio
706 3009 754 3068 fra
774 2995 856 3070 tante
878 3012 1065 3089 experientia
1086 3012 1137 3088 gia
1159 3018 1311 3087 aprouate.

726 3199 757 3259 A
778 3201 824 3260 far
845 3203 958 3278 optimo
980 3221 996 3262 e
1017 3204 1117 3286 buono
1138 3202 1269 3261 uerzino.

415 3351 494 3414 Radi
522 3353 551 3414 el
578 3323 668 3434 legno
695 3357 816 3434 eponilo
844 3357 876 3416 in
901 3367 986 3417 aeeto
1012 3343 1120 3440 blanco
1142 3357 1309 3416 fortissimo
1335 3317 1488 3416 elaaaalo
1510 3359 1610 3418 amole
1631 3361 1668 3437 (a

331 3451 436 3528 molle)
459 3473 513 3530 per
533 3453 582 3522 V.,
598 3457 682 3533 zornj
704 3457 864 3536 ponendolj
893 3459 924 3517 in
951 3459 1130 3540 compaguia
1155 3459 1298 3535 alquanto
1324 3457 1440 3516 delume
1466 3459 1503 3518 de
1527 3477 1618 3535 roza3
1648 3484 1668 3522 e

240 3581 242 3588 ·
331 3553 453 3628 quando
480 3556 509 3614 el
535 3557 613 3616 dioto
638 3559 761 3618 uerzino
782 3579 798 3618 e
821 3568 899 3618 stato
921 3579 975 3636 per
996 3559 1034 3618 V.
1057 3578 1076 3618 o
1099 3559 1144 3619 aei
1164 3550 1263 3634 zoruj,
1289 3558 1351 3617 salo
1379 3559 1475 3618 bulire
1501 3569 1591 3634 tanto¹
1609 3565 1668 3624 ohe

331 3653 387 3728 oalj
409 3651 446 3734 ἦ,
477 3658 529 3733 poi
556 3660 683 3736 premilo
709 3659 794 3720 fuere
821 3668 890 3720 neto
917 3680 934 3718 e
960 3661 1049 3737 getalj
1072 3661 1177 3720 dentro
1200 3679 1288 3720 oozze
1310 3661 1424 3719 marine
1444 3661 1476 3719 iu
1497 3663 1626 3738 puluere
1648 3687 1668 3726 e

332 3753 447 3814 laasalo
470 3758 553 3816 eossi
573 3779 628 3836 per
649 3779 709 3819 uno
731 3778 749 3817 o
771 3761 822 3820 dui
836 3764 919 3837 zornj
942 3769 1025 3836 tanto
1048 3763 1115 3821 ohel
1134 3762 1210 3841 pigli
1231 3762 1259 3820 el
1281 3761 1382 3820 oolore
1404 3780 1423 3820 a
1444 3779 1499 3822 suo
1521 3766 1614 3826 modo
1635 3779 1669 3828 et

301 3881 303 3888 ·
333 3864 445 3930 quanto
467 3876 486 3916 a
506 3865 536 3917 te
557 3861 652 3936 piace,
674 3863 705 3920 in
725 3863 777 3938 poi
798 3881 835 3921 ne
858 3864 958 3938 soriuj,
980 3881 997 3921 e
1018 3881 1078 3922 uon
1098 3863 1121 3922 li
1141 3883 1235 3942 pouer
1255 3881 1353 3940 goma.

632 4053 663 4109 A
684 4051 746 4112 fare
769 4054 890 4113 uerzino
912 4073 966 4131 per
987 4055 1089 4130 spacio
1112 4055 1143 4113 di
1163 4075 1249 4114 meza
1269 4058 1350 4116 hora
1463 4101 1466 4110 2

411 4219 494 4280 Batti
515 4221 544 4281 el
565 4197 666 4282 ehiaro
687 4225 724 4284 de
746 4243 805 4284 ouo
827 4227 1113 4311 eapougalo'molto
1134 4229 1209 4290 bene
1231 4247 1248 4287 e
1269 4230 1321 4305 poi
1341 4230 1463 4307 poniel
1477 4231 1541 4289 dito
1557 4232 1665 4292 ehiaro

331 4319 368 4378 de
390 4339 448 4380 ouo
468 4325 500 4392 in
521 4313 582 4384 una
602 4343 676 4385 coza
696 4327 822 4401 marina,
845 4329 873 4386 el
894 4328 976 4405 liguo
997 4345 1074 4410 raso¹
1088 4329 1225 4402 insieme,
1250 4337 1333 4390 tauto
1355 4331 1423 4391 ohel
1444 4332 1548 4391 oliiaro
1566 4351 1667 4418 ‘sopra

410 4627 434 4690 1)
459 4631 540 4682 Tituli
557 4632 585 4682 hi
604 4633 712 4699 reperiri
730 4641 949 4700 nonpotnerunt.
982 4636 1011 4687 C.
1026 4635 1102 4688 Gavii
1121 4637 1254 4688 cniusdam
1273 4639 1360 4688 titulun
1379 4637 1424 4700 (V,
1439 4639 1521 4701 3627>
1540 4641 1665 4692 Veronae

332 4718 366 4765 ad
384 4718 412 4769 S.
426 4719 531 4772 Proculi
550 4725 613 4775 olim
632 4725 772 4776 collocatus
792 4733 817 4775 et
834 4727 967 4778 Feliciano
985 4735 1061 4778 notus
1078 4729 1147 4779 hauc
1165 4736 1254 4780 notam
1272 4745 1326 4780 non
1344 4729 1430 4780 habet
1445 4758 1479 4768 —
1498 4731 1562 4784 Non
1578 4735 1664 4799 magia

332 4819 389 4855 eam
408 4808 487 4858 habet
505 4813 593 4864 titulus
610 4817 641 4867 L.
660 4814 775 4867 Novellii
793 4817 837 4880 (V,
858 4817 948 4881 3679),
969 4821 1013 4884 qui
1030 4820 1080 4869 fuit
1097 4821 1219 4872 Veronae
1238 4822 1272 4872 au
1290 4821 1319 4874 S.
1337 4822 1459 4884 Zenonis,
1483 4822 1581 4874 relatus
1600 4825 1665 4876 item

332 4896 401 4958 apud
419 4897 592 4968 Feliciaunm3
614 4921 770 4973 quamquam
789 4909 900 4974 quaein
919 4925 950 4960 eo
968 4911 1097 4961 iuvenitur
1114 4912 1201 4963 littera
1227 4925 1240 4967 t
1259 4913 1287 4962 iu
1306 4925 1438 4969 n-loonn
1458 4929 1515 4964 cum
1534 4897 1663 4966 illa-oon·

332 4991 406 5043 sunu
424 4999 518 5060 notuit
532 5027 565 5038 —
581 5003 680 5058 (taviae
694 5008 831 5060 comanae
849 5010 938 5060 uanus
957 5011 1041 5061 nunus
1060 5011 1138 5062 hone
1157 5019 1233 5063 notua
1253 5021 1299 5063 et.
1313 5041 1346 5051 -
1367 5015 1471 5065 Patavii
1489 5016 1523 5065 au
1542 5015 1570 5068 s.
1582 5016 1662 5067 Insu-

333 5097 382 5133 uae
407 5093 480 5137 extat
502 5092 605 5154 quidem
628 5097 716 5149 titulus
740 5115 798 5150 enm
820 5113 852 5151 eo
877 5101 909 5151 de
933 5117 985 5167 qua
1008 5103 1091 5167 agitur
1114 5109 1177 5164 nota
1195 5103 1239 5167 (V,
1260 5085 1351 5172 2363),
1370 5106 1416 5156 aad
1433 5105 1580 5158 Felicianua
1600 5120 1660 5156 enm

333 5187 386 5224 non
407 5177 493 5230 refert.
514 5207 547 5218 -
574 5185 602 5236 S.
621 5187 716 5240 Hilarii
741 5192 825 5246 vicum
842 5181 919 5245 ‘ultra
936 5185 1074 5248 Benacum*
1097 5196 1181 5262 ipsum
1199 5197 1312 5264 reperire
1330 5211 1384 5250 uon
1401 5198 1539 5264 potuimus,
1562 5199 1658 5250 nedum

331 5265 433 5322 titulum
450 5270 488 5322 ibi
506 5272 667 5330 collocatum.
1164 5301 1167 5307 ¹
