3620 6080
451 719 453 724 ,
499 660 937 744 ossuuvlruounsnmca.
957 664 1021 716 xv.
1348 651 1422 723 295

92 844 136 893 est
157 834 252 894 sociis
280 833 383 911 populi
404 832 535 894 Romani
555 833 604 892 ius
625 835 721 894 fuisse
749 836 937 896 sacrificandi
958 837 990 895 in
1012 835 1163 915 Capitolio
1184 839 1355 921 donumque
1382 850 1425 908 ibi

91 935 219 1012 ponendi
248 934 290 1012 (v.
318 934 424 994 vol..I
452 953 481 1010 p.
507 936 581 1008 113,
607 935 678 994 itum
705 955 734 994 n.
757 937 828 995 587.
851 927 1021 1010 588ῥ589ς
1051 940 1121 998 rdm.
1142 939 1263 1002 For'ecb.
1293 947 1321 1018 l,
1348 948 1424 1025 347)

92 1055 151 1112 quo
172 1037 239 1096 iure
255 1056 323 1098 cum
344 1035 397 1096 alii
415 1035 522 1096 Boeoti
544 1043 606 1094 tum
621 1036 765 1096 Thisbaei
787 1045 857 1098 ante
877 1039 925 1098 usi
940 1039 1002 1104 sint
1017 1057 1142 1100 necesse
1163 1053 1219 1116 est,
1240 1063 1307 1103 cum
1323 1051 1424 1112 socios

91 1137 226 1198 Boeotos
257 1137 368 1197 diserte
401 1137 532 1214 appellet
556 1135 663 1198 Livius
693 1136 757 1214 (42,
784 1139 834 1212 40,
862 1139 905 1215 6).
955 1139 1019 1200 lam
1058 1141 1204 1202 Thisbaei
1239 1155 1359 1222 petunt,
1392 1162 1426 1212 ut

91 1257 197 1298 aurum
223 1237 262 1298 ad
289 1257 356 1297 eam
381 1257 446 1297 rem
473 1237 628 1310 collatum,
658 1256 837 1316 quamquam
859 1259 914 1318 per
939 1240 1121 1301 deditionem
1143 1252 1173 1302 et
1192 1244 1291 1322 ipsum
1313 1249 1424 1314 factum

89 1339 242 1416 publicum
263 1337 367 1418 populi
381 1337 520 1412 Romani,
542 1339 738 1400 nihilominus
760 1341 818 1400 sibi
840 1341 993 1415 reddatur,
1014 1351 1048 1400 ut
1069 1343 1149 1403 dono
1169 1347 1304 1421 perfecto
1325 1351 1424 1413 denuo

89 1441 241 1500 sociorum
262 1439 309 1499 ius
330 1440 405 1500 illud
425 1450 572 1518 usurpent
592 1449 622 1500 et
642 1459 679 1500 ea
698 1441 766 1518 ipsa
786 1461 819 1501 re
839 1443 968 1508 sooietas
990 1442 1096 1508 denuo.
1109 1446 1309 1510 confirmetur.

166 1539 332 1618 Capitibus
344 1541 459 1602 duobus
471 1561 549 1618 quae
561 1549 726 1619 sequuntur
740 1549 826 1602 sexto
839 1541 882 1618 (v.
895 1543 1032 1630 35-40)
1046 1551 1077 1604 et
1091 1547 1219 1623 septimo
1230 1549 1273 1626 (v.
1286 1551 1326 1610 40
1333 1556 1425 1634 -45)

88 1649 154 1702 erte
176 1643 344 1702 coniunctis
366 1653 488 1703 cavetur
510 1643 547 1702 de
568 1643 729 1704 Thisbaeis
750 1645 845 1721 partis
867 1645 1076 1704 Macedonicae
1097 1647 1223 1708 ducibus
1245 1661 1296 1711 aut
1310 1643 1431 1718 Romae
1474 1643 1477 1650 ¹

88 1743 259 1806 detinendis
287 1751 340 1804 aut
357 1747 445 1803 'certe
473 1765 493 1804 a
506 1744 617 1827 patria
643 1745 796 1818 arcendis,
822 1745 866 1804 sic
891 1745 954 1804 iere
981 1755 1015 1804 ut
1040 1753 1109 1824 post
1134 1749 1244 1810 bellum
1267 1753 1424 1818 Persicum

89 1865 143 1922 per
167 1845 339 1904 universam
355 1845 515 1906 Graeciam
537 1847 649 1906 factum
672 1863 742 1906 esse
764 1846 868 1904 scribit
882 1844 1029 1924 Polybius
1051 1831 1177 1922 (30,'13
1198 1851 1278 1929 [10];
1301 1857 1340 1916 cf.
1355 1856 1424 1920 hir,
1524 1901 1527 1908 .

87 1945 136 2018 35,
156 1947 221 2022 31).
258 1946 338 2006 Tota
351 1963 401 2006 res
415 1947 598 2024 permittitur
611 1947 745 2025 praetori
766 1948 892 2019 urbano,
914 1966 1011 2026 neque
1033 1949 1085 2008 alii
1104 1950 1158 2010 ulli
1172 1955 1303 2028 permitti
1316 1962 1424 2036 potuit,

87 2065 158 2106 cum
179 2056 210 2106 et
231 2047 371 2108 consules
394 2057 425 2106 et
444 2057 565 2126 praetor
585 2049 763 2126 peregrinus
785 2047 823 2107 ab
844 2049 919 2130 urbe
940 2047 1126 2127 abessent1).
1170 2055 1261 2130 Apud
1282 2077 1350 2118 eum
1371 2081 1424 2121 no.

85 2149 172 2208 mina
204 2147 285 2208 edita
318 2149 380 2208 sint
408 2135 533 2209 necesse
565 2159 613 2209 est
642 2168 760 2221 eorum,
794 2167 813 2208 a
840 2151 951 2226 quibus
967 2173 968 2176 ¹
985 2149 1151 2214 adversarii
1184 2155 1241 2216 sibi
1272 2158 1425 2238 elmerena

84 2249 171 2310 edita
197 2259 296 2310 autern
324 2257 394 2310 suut
419 2251 541 2311 omnino
569 2268 588 2308 a
609 2250 771 2310 Thisbaeis
793 2250 909 2310 Romae
936 2252 1137 2327 morantibus,
1164 2262 1198 2315 ut
1221 2257 1253 2317 in
1276 2259 1369 2322 simili
1389 2284 1423 2324 re

85 2351 203 2411 diserte
223 2352 267 2410 ait
288 2351 436 2430 Polybius
457 2352 478 2412 l.
500 2370 527 2410 c.
569 2351 707 2424 Praetor,
734 2352 785 2430 qui
806 2351 904 2411 edicto
925 2371 979 2412 eos
1000 2352 1107 2412 adesse
1128 2355 1220 2428 iubet,
1243 2359 1309 2421 sine
1332 2363 1423 2424 dubio

81 2443 110 2512 'is
141 2452 212 2530 ipse
240 2450 333 2528 esti).
381 2453 475 2512 Recte
494 2451 602 2514 'numm
624 2452 792 2513 Foncartus
821 2452 860 2511 e'x
886 2454 987 2513 verbis
1003 2438 1269 2518 'senatusconsulti
1293 2453 1425 2544 ‘collegit

83 2553 251 2630 plerosque
271 2572 400 2636 eorum,
414 2553 451 2612 de
472 2553 583 2632 quibus
604 2563 726 2631 agatur,
754 2572 790 2612 eo
812 2563 947 2632 tempore
966 2555 1082 2632 Renum
1103 2566 1157 2617 aut
1176 2566 1257 2620 certe
1277 2562 1309 2621 in
1330 2564 1423 2626 Italia

83 2656 196 2732 egisse,
219 2655 337 2716 scilicet
357 2655 502 2716 adductos
524 2673 570 2729 eo,
591 2663 752 2733 postquam
772 2654 807 2714 0.
823 2655 982 2715 Lucretius
1002 2657 1115 2734 oppido
1128 2661 1242 2738 potitus
1264 2673 1318 2724 est.
1354 2666 1423 2728 Hos

82 2757 175 2834 igitur
197 2765 319 2833 praetor
342 2757 472 2817 urbanus
492 2775 548 2834 pro
573 2776 607 2816 re
631 2764 684 2824 aut
704 2756 824 2816 domum
847 2756 985 2826 dimittet
996 2767 1049 2818 aut
1068 2760 1101 2818 iu
1122 2762 1196 2824 urbe
1216 2763 1316 2825 Roma
1336 2771 1423 2847 oppi.
1538 2767 1541 2772 “

82 2858 170 2918 disve
185 2857 294 2917 Italiae
315 2858 468 2929 detinebit,
490 2858 590 2936 quoad
612 2857 640 2916 ei
659 2859 926 2919 successoribusve
948 2858 1012 2918 eius
1035 2863 1325 2939 erepublicaesse
1340 2870 1423 2928 vide-

82 2959 173 3018 bitur.
220 2957 281 3038 Qui
307 2978 412 3019 eorum
439 2977 480 3018 ex
500 2958 591 3018 Italia
615 2957 738 3018 domurn
764 2959 936 3019 rediissent.
952 2961 1001 3018 vel
1022 2962 1144 3021 omuino
1169 2964 1201 3023 in
1221 2965 1340 3028 Italiam
1362 2990 1423 3032 non
1480 2960 1484 2976 ¹

83 3063 252 3132 venisseut,
273 3080 376 3121 eornm
397 3061 579 3138 nequiquam
601 3059 760 3120 citatorum
782 3061 905 3120 nomina
923 3070 1046 3120 senatus
1068 3063 1151 3124 iubet
1171 3077 1421 3146 compraetorem

82 3162 172 3224 edere
195 3161 314 3222 consuli
338 3181 375 3222 eo
401 3169 535 3239 tempore
557 3161 761 3222 Macedoniam
789 3164 974 3240 provinciam
996 3163 1152 3240 obtinenti,
1178 3173 1211 3226 ut
1231 3169 1263 3229 in
1283 3170 1336 3230 'eos
1359 3175 1423 3232 ani.

81 3264 254 3324 madvertat
275 3262 347 3340 (hoc
366 3263 445 3324 enim
466 3262 585 3324 videtur
606 3262 769 3342 significari
785 3261 910 3324 Graecis
933 3263 1032 3323 verbis
1052 3255 1113 3348 περὶ
1135 3257 1241 3326 τούτων
1256 3273 1321 3328 νοῦν
1335 3295 1422 3356 προσ-

83 3356 143 3442 έχῃ
165 3365 277 3426 Latine
303 3365 400 3444 magis
432 3362 663 3442 quam.(lraece
694 3364 892 3442 accipiendis)
917 3373 948 3425 et
973 3365 1104 3426 maxime
1129 3377 1228 3443 curet,
1256 3389 1295 3430 ne
1321 3373 1421 3435 locum

81 3485 175 3544 quem
198 3475 288 3526 antea
307 3467 340 3527 in
360 3467 461 3544 patria
474 3463 674 3526 'obtinuerunt
693 3465 848 3542 recipiant.

165 3566 277 3644 Capite
297 3575 405 3628 octavo
427 3567 470 3644 (v.
486 3567 624 3643 46-49)
647 3574 679 3626 et
692 3585 774 3627 nono
794 3565 837 3642 (v.
853 3564 990 3643 50—52)
1005 3567 1075 3626 item
1090 3569 1258 3631 coniunctis
1280 3577 1422 3636 statuitur

80 3669 118 3728 de
146 3668 328 3730 mulieribus
353 3670 451 3730 tribus
475 3668 652 3742 Thisbueie,
684 3685 761 3745 quas
789 3665 824 3726 0.
851 3665 1023 3728 Lucretium
1055 3679 1181 3747 apparet
1212 3673 1243 3732 in
1269 3693 1420 3738 carcerem

81 3770 253 3830 coniecisse
277 3772 353 3832 duas
374 3769 611 3848 Xenopithidem
639 3779 669 3830 et
692 3769 863 3828 Mnasidem
886 3766 1044 3844 Chalcide,
1073 3773 1191 3832 tertiam
1214 3773 1419 3838 Damocritum

80 3871 213 3932 Thebis.
255 3853 319 3932 Eae
339 3871 481 3930 iubentur
501 3869 621 3944 dimitti,
643 3879 676 3930 ut
697 3870 830 3930 Thisbes
854 3889 893 3930 ne
913 3860 1045 3930 redeant.
1090 3872 1208 3932 Deinde
1228 3893 1295 3936 cum
1316 3897 1419 3954 earum

81 3973 211 4032 nomine
231 3973 418 4050 postulatum
440 3981 535 4046 esset,
562 3957 597 4029 ut
610 3971 663 4044 de
685 3970 796 4031 iniuria
823 3971 881 4031 eibi
910 3971 995 4030 illata
1020 3973 1100 4049 apud
1120 3984 1288 4052 praetorem
1310 3980 1359 4058 agi
1381 3981 1419 4040 iis

160 4297 187 4361 ¹)
212 4279 355 4350 Foucurtus
373 4315 399 4364 p.
413 4300 450 4350 44
468 4305 527 4364 apte
546 4298 707 4363 comparavit
718 4298 804 4348 locum
823 4313 857 4348 ex
876 4299 987 4362 epistula
998 4300 1159 4363 proconsulis
1172 4301 1205 4362 Q.
1218 4301 1294 4353 Fabii
1305 4303 1418 4356 Maximi

77 4389 110 4442 O.
124 4391 149 4442 Ι.
164 4389 216 4443 Gr.
233 4391 317 4442 1543:
336 4377 468 4457 Τιμᾶθιον
486 4384 515 4440 dl
532 4383 609 4439 Nuria
683 4385 828 4452 Ι[κίλιυσα]
848 4377 965 4457 προάγειν
983 4387 1020 4446 εἰς
1037 4377 1140 4456 Ῥώμην,
1161 4382 1265 4458 ἅρνὶσας
1288 4388 1326 4462 ἐφ’
1344 4385 1363 4460 ᾧ
1387 4395 1420 4469 'i

78 4475 206 4548 νουμηνίᾳ
221 4477 266 4530 aad
283 4477 438 4545 iv[muiso]r
455 4475 528 4530 levat
546 4477 599 4530 tart
613 4477 655 4530 aui
672 4473 811 4548 Ιμφανίσας
828 4477 862 4543 τᾷ
881 4477 920 4528 ἐπὶ
936 4477 982 4538 τῶν
994 4475 1068 4546 ξίνων
1081 4480 1229 4550 erparqbo'p',
1250 4469 1326 4550 ganc
1342 4476 1372 4537 ἓν
1385 4477 1419 4556 pe}

75 4561 206 4642 npr'rrpav
219 4561 330 4640 belvezer
342 4559 404 4641 πρδς
417 4564 493 4636 οἶκον,
515 4559 556 4621 lde
569 4561 603 4639 μν)
617 4603 702 4621 ......
718 4577 743 4621 et
760 4571 822 4622 lude
840 4571 925 4622 effecit
943 4585 1001 4620 eam
1020 4586 1109 4622 curam
1126 4573 1162 4623 ad
1178 4582 1327 4638 praetorem
1344 4593 1419 4643 pere-

75 4667 188 4730 grinum
208 4666 321 4714 maxime
340 4665 503 4729 spectavisse.
530 4665 618 4729 Etiam
634 4662 783 4726 Boechhius
801 4663 828 4712 in
847 4656 1032 4712 commentario
1046 4663 1063 4714 l.
1078 4677 1100 4714 o.
1119 4673 1255 4716 monuerat
1271 4676 1418 4733 praetorem

76 4757 252 4822 peregrinum
270 4756 471 4820 intellegendum
490 4755 546 4806 es'se
564 4755 632 4820 apud
644 4754 855 4820 Polybium‚.ubi
874 4755 911 4804 ait
929 4753 984 4818 (32,
999 4755 1024 4816 9,
1040 4753 1074 4816 5),
1086 4761 1114 4806 ut
1132 4756 1182 4806 sibi
1200 4751 1289 4808 liceret
1307 4760 1335 4810 in
1354 4761 1418 4811 urbe

75 4861 192 4898 manere
217 4847 366 4912 Scipionem
392 4853 418 4898 et
440 4847 551 4899 Fabium
575 4861 593 4897 a
615 4853 735 4911 praetore
758 4835 944 4910 impetravisse.
994 4843 1067 4906 Quae
1090 4852 1120 4896 ut
1141 4847 1310 4912 probabiliter
1334 4854 1419 4916 po'sita

75 4945 148 5002 sunt,
168 4939 211 4990 ita
228 4953 281 4988 non
300 4939 452 5004 impediunt,
472 4929 609 5005 quominus
629 4937 661 5000 Q.
680 4925 785 4990 Maenio
804 4936 1125 5001 sors'urbana'cbtigerlt,
1145 4941 1268 5004 quonlam
1286 4957 1364 5007 supra
1382 4946 1419 5008 vi·

75 5031 169 5082 dimus
191 5043 251 5080 eum
271 5030 334 5080 item
353 5031 422 5081 vices
439 5031 531 5082 iecisse
549 5029 675 5095 praetoris
692 5028 830 5094 peregrini.
1028 5019 1031 5026 ’
1342 5017 1345 5022 ’

152 5118 189 5190 ,3)
215 5121 261 5174 Ad
273 5121 303 5173 O.
316 5123 465 5183 Lucretium
478 5122 609 5188 quomodo
627 5121 770 5172 Foueartus
788 5120 838 5170 hoc
856 5119 954 5186 referre
965 5120 1084 5184 potuerit,
1105 5135 1157 5170 nou
1170 5123 1306 5187 perspicio.
1334 5125 1419 5176 Immo

75 5228 120 5264 res
140 5212 261 5276 exulum,
284 5220 409 5278 quatenus
427 5216 454 5265 in
472 5213 550 5266 Italia
567 5213 716 5279 peragenda
733 5218 780 5275 est,
800 5211 1032 5284 praetoriurbsuo
1050 5211 1227 5275 committitur,
1250 5221 1375 5280 qnatenus
1393 5217 1420 5265 in
1478 5209 1481 5215 ’

73 5303 252 5366 Macedonia,
271 5305 379 5356 consuli.
559 5285 561 5292 ¹

1065 5439 1069 5446 .
1148 5392 1213 5450 21*
