<?xml version="1.0" encoding="UTF-8"?>
<!DOCTYPE html PUBLIC "-//W3C//DTD XHTML 1.0 Transitional//EN"
    "http://www.w3.org/TR/xhtml1/DTD/xhtml1-transitional.dtd">
<html xmlns="http://www.w3.org/1999/xhtml" xml:lang="en" lang="en">
 <head>
  <title>
</title>
<meta http-equiv="Content-Type" content="text/html;charset=utf-8" />
  <meta name='ocr-system' content='tesseract 3.04.00' />
  <meta name='ocr-capabilities' content='ocr_page ocr_carea ocr_par ocr_line ocrx_word'/>
</head>
<body>
  <div class='ocr_page' id='page_1' title='image "./ephemerisepigra12instgoog_0301.png"; bbox 0 0 3620 6080; ppageno 0'>
   <div class='ocr_carea' id='block_1_1' title="bbox 361 575 1112 650">
    <p class='ocr_par' dir='ltr' id='par_1_1' title="bbox 361 575 1112 650">
     <span class='ocr_line' id='line_1_1' title="bbox 361 575 1112 650; baseline -0.012 -1"><span class='ocrx_word' id='word_1_1' title='bbox 361 575 435 650; x_wconf 79' lang='lat'>290</span> <span class='ocrx_word' id='word_1_2' title='bbox 931 587 1112 640; x_wconf 79' lang='lat' dir='ltr'>mommsen</span> 
     </span>
    </p>
   </div>
   <div class='ocr_carea' id='block_1_2' title="bbox 361 745 1656 838">
    <p class='ocr_par' dir='ltr' id='par_1_2' title="bbox 361 711 1768 850">
     <span class='ocr_line' id='line_1_2' title="bbox 361 745 1656 838; baseline -0.006 -9"><span class='ocrx_word' id='word_1_3' title='bbox 361 765 497 828; x_wconf 86' lang='lat' dir='ltr'>labello</span> <span class='ocrx_word' id='word_1_4' title='bbox 518 761 640 830; x_wconf 87' lang='lat' dir='ltr'>Persico</span> <span class='ocrx_word' id='word_1_5' title='bbox 667 776 742 836; x_wconf 86' lang='lat' dir='ltr'>quas</span> <span class='ocrx_word' id='word_1_6' title='bbox 764 766 865 835; x_wconf 88' lang='lat' dir='ltr'>partes</span> <span class='ocrx_word' id='word_1_7' title='bbox 886 757 1030 818; x_wconf 88' lang='lat' dir='ltr'>Thisbaei</span> <span class='ocrx_word' id='word_1_8' title='bbox 1052 758 1145 818; x_wconf 86' lang='lat' dir='ltr'>secuti</span> <span class='ocrx_word' id='word_1_9' title='bbox 1172 745 1232 816; x_wconf 78' lang='lat' dir='ltr'>aiot</span> <span class='ocrx_word' id='word_1_10' title='bbox 1253 759 1381 836; x_wconf 83' lang='lat' dir='ltr'>quidque</span> <span class='ocrx_word' id='word_1_11' title='bbox 1408 779 1460 836; x_wconf 90' lang='lat' dir='ltr'>per</span> <span class='ocrx_word' id='word_1_12' title='bbox 1484 779 1519 819; x_wconf 90' lang='lat' dir='ltr'>ea</span> <span class='ocrx_word' id='word_1_13' title='bbox 1542 770 1656 838; x_wconf 85' lang='lat' dir='ltr'>tempora</span> 
     </span>
    </p>
   </div>
   <div class='ocr_carea' id='block_1_3' title="bbox 312 859 1768 1044">
    <p class='ocr_par' dir='ltr' id='par_1_3' title="bbox 312 859 1768 1044">
     <span class='ocr_line' id='line_1_3' title="bbox 312 859 1768 944; baseline -0.001 -22"><span class='ocrx_word' id='word_1_14' title='bbox 312 917 316 922; x_wconf 92' lang='lat'>.</span> <span class='ocrx_word' id='word_1_15' title='bbox 359 877 390 930; x_wconf 90' lang='lat' dir='ltr'>et</span> <span class='ocrx_word' id='word_1_16' title='bbox 411 872 534 944; x_wconf 87' lang='lat' dir='ltr'>propter</span> <span class='ocrx_word' id='word_1_17' title='bbox 554 882 591 922; x_wconf 88' lang='lat' dir='ltr'>ea</span> <span class='ocrx_word' id='word_1_18' title='bbox 610 861 756 940; x_wconf 82' lang='lat' dir='ltr'>perpessi,</span> <span class='ocrx_word' id='word_1_19' title='bbox 778 860 838 918; x_wconf 88' lang='lat' dir='ltr'>lam</span> <span class='ocrx_word' id='word_1_20' title='bbox 860 879 899 918; x_wconf 83' lang='lat' dir='ltr'>ex</span> <span class='ocrx_word' id='word_1_21' title='bbox 921 869 1042 918; x_wconf 85' lang='lat' dir='ltr'>senatus</span> <span class='ocrx_word' id='word_1_22' title='bbox 1064 860 1202 918; x_wconf 89' lang='lat' dir='ltr'>consulto</span> <span class='ocrx_word' id='word_1_23' title='bbox 1223 878 1259 918; x_wconf 91' lang='lat' dir='ltr'>eo</span> <span class='ocrx_word' id='word_1_24' title='bbox 1281 859 1319 917; x_wconf 91' lang='lat' dir='ltr'>de</span> <span class='ocrx_word' id='word_1_25' title='bbox 1339 878 1397 935; x_wconf 90' lang='lat' dir='ltr'>quo</span> <span class='ocrx_word' id='word_1_26' title='bbox 1419 861 1657 937; x_wconf 82' lang='lat' dir='ltr'>agimusluculen·</span> <span class='ocrx_word' id='word_1_27' title='bbox 1767 863 1768 912; x_wconf 70' lang='grc' dir='ltr'>ἱ</span> 
     </span>
     <span class='ocr_line' id='line_1_4' title="bbox 359 960 1768 1044; baseline -0.005 -15"><span class='ocrx_word' id='word_1_28' title='bbox 359 979 405 1030; x_wconf 89' lang='lat' dir='ltr'>ter</span> <span class='ocrx_word' id='word_1_29' title='bbox 425 971 558 1044; x_wconf 89' lang='lat' dir='ltr'>apparet,</span> <span class='ocrx_word' id='word_1_30' title='bbox 581 981 640 1039; x_wconf 92' lang='lat' dir='ltr'>quc</span> <span class='ocrx_word' id='word_1_31' title='bbox 655 977 733 1038; x_wconf 88' lang='lat' dir='ltr'>quae</span> <span class='ocrx_word' id='word_1_32' title='bbox 748 960 914 1032; x_wconf 85' lang='lat' dir='ltr'>traduntur,</span> <span class='ocrx_word' id='word_1_33' title='bbox 937 979 1004 1019; x_wconf 92' lang='lat' dir='ltr'>cum</span> <span class='ocrx_word' id='word_1_34' title='bbox 1019 961 1067 1019; x_wconf 91' lang='lat' dir='ltr'>hic</span> <span class='ocrx_word' id='word_1_35' title='bbox 1088 961 1120 1018; x_wconf 91' lang='lat' dir='ltr'>in</span> <span class='ocrx_word' id='word_1_36' title='bbox 1135 961 1233 1020; x_wconf 90' lang='lat' dir='ltr'>media</span> <span class='ocrx_word' id='word_1_37' title='bbox 1252 960 1318 1020; x_wconf 90' lang='lat' dir='ltr'>luce</span> <span class='ocrx_word' id='word_1_38' title='bbox 1332 961 1497 1038; x_wconf 81' lang='lat' dir='ltr'>Polybiane</span> <span class='ocrx_word' id='word_1_39' title='bbox 1516 980 1657 1036; x_wconf 79' lang='lat' dir='ltr'>versemur,</span> <span class='ocrx_word' id='word_1_40' title='bbox 1767 975 1768 978; x_wconf 75' lang='grc'>’</span> 
     </span>
    </p>
   </div>
   <div class='ocr_carea' id='block_1_4' title="bbox 357 1061 1661 1540">
    <p class='ocr_par' dir='ltr' id='par_1_4' title="bbox 359 1061 1642 1150">
     <span class='ocr_line' id='line_1_5' title="bbox 359 1061 1642 1150; baseline -0.009 -19"><span class='ocrx_word' id='word_1_41' title='bbox 359 1067 501 1130; x_wconf 76' lang='lat' dir='ltr'>facillima</span> <span class='ocrx_word' id='word_1_42' title='bbox 522 1073 552 1122; x_wconf 90' lang='lat' dir='ltr'>et</span> <span class='ocrx_word' id='word_1_43' title='bbox 571 1061 747 1150; x_wconf 85' lang='lat' dir='ltr'>planissime</span> <span class='ocrx_word' id='word_1_44' title='bbox 768 1062 807 1118; x_wconf 94' lang='lat' dir='ltr'>ad</span> <span class='ocrx_word' id='word_1_45' title='bbox 827 1061 998 1120; x_wconf 80' lang='lat' dir='ltr'>universum</span> <span class='ocrx_word' id='word_1_46' title='bbox 1016 1080 1115 1120; x_wconf 88' lang='lat' dir='ltr'>rerum</span> <span class='ocrx_word' id='word_1_47' title='bbox 1137 1067 1291 1138; x_wconf 82' lang='lat' dir='ltr'>gestarum</span> <span class='ocrx_word' id='word_1_48' title='bbox 1311 1061 1445 1120; x_wconf 85' lang='lat' dir='ltr'>ordinem</span> <span class='ocrx_word' id='word_1_49' title='bbox 1465 1062 1642 1138; x_wconf 84' lang='lat' dir='ltr'>applicantur.</span> 
     </span>
    </p>

    <p class='ocr_par' dir='ltr' id='par_1_5' title="bbox 357 1161 1661 1540">
     <span class='ocr_line' id='line_1_6' title="bbox 437 1161 1659 1238; baseline -0.004 -13"><span class='ocrx_word' id='word_1_50' title='bbox 437 1167 557 1225; x_wconf 88' lang='lat' dir='ltr'>Bellum</span> <span class='ocrx_word' id='word_1_51' title='bbox 576 1163 732 1222; x_wconf 89' lang='lat' dir='ltr'>Persicum</span> <span class='ocrx_word' id='word_1_52' title='bbox 751 1162 851 1237; x_wconf 89' lang='lat' dir='ltr'>coepit</span> <span class='ocrx_word' id='word_1_53' title='bbox 872 1181 891 1220; x_wconf 92' lang='lat' dir='ltr'>a</span> <span class='ocrx_word' id='word_1_54' title='bbox 911 1161 1034 1220; x_wconf 88' lang='lat' dir='ltr'>Boeotis</span> <span class='ocrx_word' id='word_1_55' title='bbox 1059 1161 1190 1237; x_wconf 82' lang='lat' dir='ltr'>antiquis</span> <span class='ocrx_word' id='word_1_56' title='bbox 1210 1162 1305 1238; x_wconf 87' lang='lat' dir='ltr'>partis</span> <span class='ocrx_word' id='word_1_57' title='bbox 1326 1162 1531 1222; x_wconf 72' lang='lat' dir='ltr'>Macedonicae</span> <span class='ocrx_word' id='word_1_58' title='bbox 1551 1171 1659 1220; x_wconf 88' lang='lat' dir='ltr'>sectato·</span> 
     </span>
     <span class='ocr_line' id='line_1_7' title="bbox 358 1261 1659 1338; baseline -0.006 -10"><span class='ocrx_word' id='word_1_59' title='bbox 358 1268 442 1328; x_wconf 86' lang='lat' dir='ltr'>ribus</span> <span class='ocrx_word' id='word_1_60' title='bbox 463 1275 492 1324; x_wconf 89' lang='lat' dir='ltr'>et</span> <span class='ocrx_word' id='word_1_61' title='bbox 510 1284 529 1322; x_wconf 90' lang='lat' dir='ltr'>a</span> <span class='ocrx_word' id='word_1_62' title='bbox 542 1264 746 1322; x_wconf 82' lang='lat' dir='ltr'>Romanorum</span> <span class='ocrx_word' id='word_1_63' title='bbox 767 1263 909 1322; x_wconf 86' lang='lat' dir='ltr'>societate</span> <span class='ocrx_word' id='word_1_64' title='bbox 931 1261 1039 1320; x_wconf 84' lang='lat' dir='ltr'>infesto</span> <span class='ocrx_word' id='word_1_65' title='bbox 1053 1280 1161 1338; x_wconf 85' lang='lat' dir='ltr'>¹eorum</span> <span class='ocrx_word' id='word_1_66' title='bbox 1183 1261 1253 1320; x_wconf 92' lang='lat' dir='ltr'>odio</span> <span class='ocrx_word' id='word_1_67' title='bbox 1272 1263 1395 1322; x_wconf 85' lang='lat' dir='ltr'>aversis.</span> <span class='ocrx_word' id='word_1_68' title='bbox 1428 1261 1502 1324; x_wconf 89' lang='lat' dir='ltr'>Cum</span> <span class='ocrx_word' id='word_1_69' title='bbox 1521 1263 1659 1322; x_wconf 84' lang='lat' dir='ltr'>amicitiam</span> 
     </span>
     <span class='ocr_line' id='line_1_8' title="bbox 359 1361 1661 1440; baseline -0.006 -12"><span class='ocrx_word' id='word_1_70' title='bbox 359 1367 503 1428; x_wconf 83' lang='lat' dir='ltr'>Romanis</span> <span class='ocrx_word' id='word_1_71' title='bbox 525 1364 723 1440; x_wconf 89' lang='lat' dir='ltr'>suspiciosam</span> <span class='ocrx_word' id='word_1_72' title='bbox 744 1361 851 1420; x_wconf 85' lang='lat' dir='ltr'>Boeoti</span> <span class='ocrx_word' id='word_1_73' title='bbox 878 1380 946 1420; x_wconf 91' lang='lat' dir='ltr'>cum</span> <span class='ocrx_word' id='word_1_74' title='bbox 972 1381 1042 1440; x_wconf 83' lang='lat' dir='ltr'>rege</span> <span class='ocrx_word' id='word_1_75' title='bbox 1062 1361 1176 1422; x_wconf 90' lang='lat' dir='ltr'>Per&#39;seo</span> <span class='ocrx_word' id='word_1_76' title='bbox 1201 1361 1354 1434; x_wconf 85' lang='lat' dir='ltr'>fecissent,</span> <span class='ocrx_word' id='word_1_77' title='bbox 1382 1363 1508 1422; x_wconf 86' lang='lat' dir='ltr'>Romani</span> <span class='ocrx_word' id='word_1_78' title='bbox 1530 1363 1612 1440; x_wconf 79' lang='lat' dir='ltr'>legati</span> <span class='ocrx_word' id='word_1_79' title='bbox 1629 1363 1661 1422; x_wconf 93' lang='lat' dir='ltr'>ob</span> 
     </span>
     <span class='ocr_line' id='line_1_9' title="bbox 357 1459 1661 1540; baseline -0.008 -10"><span class='ocrx_word' id='word_1_80' title='bbox 357 1487 425 1530; x_wconf 83' lang='lat' dir='ltr'>eam</span> <span class='ocrx_word' id='word_1_81' title='bbox 440 1484 563 1528; x_wconf 89' lang='lat' dir='ltr'>oausam</span> <span class='ocrx_word' id='word_1_82' title='bbox 582 1466 613 1524; x_wconf 90' lang='lat' dir='ltr'>iu</span> <span class='ocrx_word' id='word_1_83' title='bbox 628 1462 785 1522; x_wconf 88' lang='lat' dir='ltr'>Graeciam</span> <span class='ocrx_word' id='word_1_84' title='bbox 800 1462 886 1520; x_wconf 89' lang='lat' dir='ltr'>missi</span> <span class='ocrx_word' id='word_1_85' title='bbox 905 1461 1013 1522; x_wconf 82' lang='lat' dir='ltr'>callide</span> <span class='ocrx_word' id='word_1_86' title='bbox 1027 1472 1212 1540; x_wconf 79' lang='lat' dir='ltr'>negaverunt</span> <span class='ocrx_word' id='word_1_87' title='bbox 1226 1481 1259 1522; x_wconf 88' lang='lat' dir='ltr'>se</span> <span class='ocrx_word' id='word_1_88' title='bbox 1277 1463 1313 1522; x_wconf 91' lang='lat' dir='ltr'>de</span> <span class='ocrx_word' id='word_1_89' title='bbox 1328 1459 1364 1520; x_wconf 78' lang='lat' dir='ltr'>e&#39;a</span> <span class='ocrx_word' id='word_1_90' title='bbox 1377 1482 1410 1522; x_wconf 91' lang='lat' dir='ltr'>re</span> <span class='ocrx_word' id='word_1_91' title='bbox 1424 1482 1490 1522; x_wconf 92' lang='lat' dir='ltr'>cum</span> <span class='ocrx_word' id='word_1_92' title='bbox 1503 1463 1661 1522; x_wconf 77' lang='lat' dir='ltr'>Boeotorum</span> 
     </span>
    </p>
   </div>
   <div class='ocr_carea' id='block_1_5' title="bbox 358 1561 1769 1740">
    <p class='ocr_par' dir='ltr' id='par_1_6' title="bbox 358 1561 1769 1740">
     <span class='ocr_line' id='line_1_10' title="bbox 358 1561 1769 1652; baseline -0.006 -24"><span class='ocrx_word' id='word_1_93' title='bbox 358 1569 486 1628; x_wconf 92' lang='lat' dir='ltr'>concilio</span> <span class='ocrx_word' id='word_1_94' title='bbox 500 1573 680 1626; x_wconf 77' lang='lat' dir='ltr'>tractaturos</span> <span class='ocrx_word' id='word_1_95' title='bbox 695 1581 772 1636; x_wconf 87' lang='lat' dir='ltr'>esse,</span> <span class='ocrx_word' id='word_1_96' title='bbox 786 1571 820 1620; x_wconf 90' lang='lat' dir='ltr'>ut</span> <span class='ocrx_word' id='word_1_97' title='bbox 834 1563 872 1622; x_wconf 90' lang='lat' dir='ltr'>ad</span> <span class='ocrx_word' id='word_1_98' title='bbox 887 1563 1022 1640; x_wconf 83' lang='lat' dir='ltr'>singulos</span> <span class='ocrx_word' id='word_1_99' title='bbox 1037 1562 1168 1638; x_wconf 88' lang='lat' dir='ltr'>populos</span> <span class='ocrx_word' id='word_1_100' title='bbox 1183 1563 1497 1639; x_wconf 78' lang='lat' dir='ltr'>earesreiceretur1).</span> <span class='ocrx_word' id='word_1_101' title='bbox 1521 1561 1584 1636; x_wconf 82' lang='lat' dir='ltr'>Quo</span> <span class='ocrx_word' id='word_1_102' title='bbox 1596 1562 1662 1646; x_wconf 80' lang='lat' dir='ltr'>lacto</span> <span class='ocrx_word' id='word_1_103' title='bbox 1768 1593 1769 1652; x_wconf 52' lang='lat' dir='ltr'>t</span> 
     </span>
     <span class='ocr_line' id='line_1_11' title="bbox 358 1653 1769 1740; baseline -0.006 -10"><span class='ocrx_word' id='word_1_104' title='bbox 358 1688 426 1730; x_wconf 87' lang='lat' dir='ltr'>oum</span> <span class='ocrx_word' id='word_1_105' title='bbox 447 1676 478 1726; x_wconf 94' lang='lat' dir='ltr'>et</span> <span class='ocrx_word' id='word_1_106' title='bbox 498 1665 634 1726; x_wconf 85' lang='lat' dir='ltr'>Thebani</span> <span class='ocrx_word' id='word_1_107' title='bbox 656 1671 686 1724; x_wconf 87' lang='lat' dir='ltr'>et</span> <span class='ocrx_word' id='word_1_108' title='bbox 707 1663 910 1740; x_wconf 84' lang='lat' dir='ltr'>Thespienses</span> <span class='ocrx_word' id='word_1_109' title='bbox 925 1671 955 1722; x_wconf 86' lang='lat' dir='ltr'>et</span> <span class='ocrx_word' id='word_1_110' title='bbox 969 1663 1020 1720; x_wconf 87' lang='lat' dir='ltr'>alii</span> <span class='ocrx_word' id='word_1_111' title='bbox 1034 1662 1155 1738; x_wconf 85' lang='lat' dir='ltr'>plurimi</span> <span class='ocrx_word' id='word_1_112' title='bbox 1170 1663 1313 1722; x_wconf 89' lang='lat' dir='ltr'>Boeotiae</span> <span class='ocrx_word' id='word_1_113' title='bbox 1327 1664 1434 1740; x_wconf 89' lang='lat' dir='ltr'>populi</span> <span class='ocrx_word' id='word_1_114' title='bbox 1448 1663 1590 1722; x_wconf 85' lang='lat' dir='ltr'>Romanas</span> <span class='ocrx_word' id='word_1_115' title='bbox 1606 1683 1662 1739; x_wconf 88' lang='lat' dir='ltr'>par·</span> <span class='ocrx_word' id='word_1_116' title='bbox 1768 1653 1769 1722; x_wconf 57' lang='lat' dir='ltr'>l</span> 
     </span>
    </p>
   </div>
   <div class='ocr_carea' id='block_1_6' title="bbox 355 1754 1724 2449">
    <p class='ocr_par' dir='ltr' id='par_1_7' title="bbox 355 1754 1724 2449">
     <span class='ocr_line' id='line_1_12' title="bbox 359 1754 1724 1848; baseline -0.004 -19"><span class='ocrx_word' id='word_1_117' title='bbox 359 1778 404 1828; x_wconf 85' lang='lat' dir='ltr'>ter</span> <span class='ocrx_word' id='word_1_118' title='bbox 423 1767 680 1845; x_wconf 86' lang='lat' dir='ltr'>amplecterentur,</span> <span class='ocrx_word' id='word_1_119' title='bbox 703 1773 764 1822; x_wconf 89' lang='lat' dir='ltr'>tres</span> <span class='ocrx_word' id='word_1_120' title='bbox 782 1765 814 1822; x_wconf 93' lang='lat' dir='ltr'>in</span> <span class='ocrx_word' id='word_1_121' title='bbox 828 1764 907 1840; x_wconf 85' lang='lat' dir='ltr'>regis</span> <span class='ocrx_word' id='word_1_122' title='bbox 922 1763 1115 1822; x_wconf 84' lang='lat' dir='ltr'>Macedoniae</span> <span class='ocrx_word' id='word_1_123' title='bbox 1137 1763 1270 1822; x_wconf 88' lang='lat' dir='ltr'>amicitia</span> <span class='ocrx_word' id='word_1_124' title='bbox 1282 1775 1516 1839; x_wconf 86' lang='lat' dir='ltr'>permanserunt</span> <span class='ocrx_word' id='word_1_125' title='bbox 1548 1754 1663 1848; x_wconf 70' lang='lat' dir='ltr'>nepesin</span> <span class='ocrx_word' id='word_1_126' title='bbox 1721 1803 1724 1812; x_wconf 72' lang='lat'>=</span> 
     </span>
     <span class='ocr_line' id='line_1_13' title="bbox 358 1854 1661 1948; baseline -0.008 -18"><span class='ocrx_word' id='word_1_127' title='bbox 358 1870 505 1948; x_wconf 85' lang='lat' dir='ltr'>Polybius</span> <span class='ocrx_word' id='word_1_128' title='bbox 531 1868 574 1926; x_wconf 83' lang='lat' dir='ltr'>ait</span> <span class='ocrx_word' id='word_1_129' title='bbox 600 1865 649 1936; x_wconf 79' lang='lat'>27,</span> <span class='ocrx_word' id='word_1_130' title='bbox 672 1865 709 1936; x_wconf 81' lang='grc'>5,</span> <span class='ocrx_word' id='word_1_131' title='bbox 740 1854 956 1930; x_wconf 70' lang='grc' dir='ltr'><strong><em>πονθανᾶμενοε</em></strong></span> <span class='ocrx_word' id='word_1_132' title='bbox 980 1855 1020 1920; x_wconf 75' lang='grc' dir='ltr'>ἔτι</span> <span class='ocrx_word' id='word_1_133' title='bbox 1048 1857 1125 1923; x_wconf 66' lang='grc' dir='ltr'><strong><em>τινας</em></strong></span> <span class='ocrx_word' id='word_1_134' title='bbox 1150 1866 1207 1920; x_wconf 73' lang='grc' dir='ltr'><strong><em>τοῖν</em></strong></span> <span class='ocrx_word' id='word_1_135' title='bbox 1231 1862 1260 1919; x_wconf 81' lang='grc' dir='ltr'><strong><em>ἐν</em></strong></span> <span class='ocrx_word' id='word_1_136' title='bbox 1282 1867 1316 1940; x_wconf 77' lang='grc' dir='ltr'>τῇ</span> <span class='ocrx_word' id='word_1_137' title='bbox 1336 1857 1456 1938; x_wconf 68' lang='grc' dir='ltr'><strong><em>Βοιωτίᾳ</em></strong></span> <span class='ocrx_word' id='word_1_138' title='bbox 1476 1856 1576 1930; x_wconf 67' lang='grc' dir='ltr'><strong><em>πόλεων</em></strong></span> <span class='ocrx_word' id='word_1_139' title='bbox 1594 1857 1661 1922; x_wconf 69' lang='lat' dir='ltr'>dvri-</span> 
     </span>
     <span class='ocr_line' id='line_1_14' title="bbox 358 1954 1662 2050; baseline -0.005 -22"><span class='ocrx_word' id='word_1_140' title='bbox 358 1967 479 2050; x_wconf 67' lang='grc' dir='ltr'><strong><em>χεοθαι</em></strong></span> <span class='ocrx_word' id='word_1_141' title='bbox 500 1969 551 2038; x_wconf 74' lang='grc' dir='ltr'>τῆς</span> <span class='ocrx_word' id='word_1_142' title='bbox 572 1961 640 2050; x_wconf 69' lang='lat' dir='ltr'>apic</span> <span class='ocrx_word' id='word_1_143' title='bbox 656 1959 741 2022; x_wconf 70' lang='grc' dir='ltr'><strong><em>αὐτὸν</em></strong></span> <span class='ocrx_word' id='word_1_144' title='bbox 763 1955 870 2022; x_wconf 71' lang='grc' dir='ltr'><strong><em>εὐνοίας</em></strong></span> <span class='ocrx_word' id='word_1_145' title='bbox 884 1955 1042 2039; x_wconf 59' lang='grc' dir='ltr'><strong><em>Ἀντίγονον</em></strong></span> <span class='ocrx_word' id='word_1_146' title='bbox 1064 1954 1250 2048; x_wconf 50' lang='lat' dir='ltr'>{Ennia-ratiis</span> <span class='ocrx_word' id='word_1_147' title='bbox 1272 1958 1319 2020; x_wconf 74' lang='lat' dir='ltr'>riv</span> <span class='ocrx_word' id='word_1_148' title='bbox 1332 1957 1524 2047; x_wconf 70' lang='grc' dir='ltr'>Ἀλεξάνδρου</span> <span class='ocrx_word' id='word_1_149' title='bbox 1539 1956 1662 2048; x_wconf 68' lang='grc' dir='ltr'><strong><em>πρεπβεν·</em></strong></span> 
     </span>
     <span class='ocr_line' id='line_1_15' title="bbox 358 2051 1663 2148; baseline -0.007 -19"><span class='ocrx_word' id='word_1_150' title='bbox 358 2063 418 2141; x_wconf 64' lang='grc' dir='ltr'>τήν,</span> <span class='ocrx_word' id='word_1_151' title='bbox 443 2059 476 2128; x_wconf 76' lang='lat' dir='ltr'>dc</span> <span class='ocrx_word' id='word_1_152' title='bbox 504 2058 552 2126; x_wconf 75' lang='lat' dir='ltr'>nal</span> <span class='ocrx_word' id='word_1_153' title='bbox 578 2055 806 2148; x_wconf 68' lang='lat' dir='ltr'>napnpeva&#39;rarvce</span> <span class='ocrx_word' id='word_1_154' title='bbox 833 2063 871 2124; x_wconf 78' lang='grc' dir='ltr'>εἷς</span> <span class='ocrx_word' id='word_1_155' title='bbox 896 2057 1033 2124; x_wconf 73' lang='grc' dir='ltr'><strong><em>Βοιωεοὺς</em></strong></span> <span class='ocrx_word' id='word_1_156' title='bbox 1059 2057 1112 2124; x_wconf 66' lang='grc' dir='ltr'>τὰς</span> <span class='ocrx_word' id='word_1_157' title='bbox 1138 2051 1186 2127; x_wconf 62' lang='grc' dir='ltr'><strong><em>μὲν</em></strong></span> <span class='ocrx_word' id='word_1_158' title='bbox 1212 2053 1308 2124; x_wconf 70' lang='grc' dir='ltr'><strong><em>ἄλλοις</em></strong></span> <span class='ocrx_word' id='word_1_159' title='bbox 1331 2055 1431 2126; x_wconf 68' lang='grc' dir='ltr'><strong><em>πόλεις</em></strong></span> <span class='ocrx_word' id='word_1_160' title='bbox 1456 2068 1559 2148; x_wconf 69' lang='grc' dir='ltr'><strong><em>παρῆκε</em></strong></span> <span class='ocrx_word' id='word_1_161' title='bbox 1578 2060 1620 2122; x_wconf 75' lang='lat' dir='ltr'>tui</span> <span class='ocrx_word' id='word_1_162' title='bbox 1638 2059 1663 2120; x_wconf 79' lang='lat' dir='ltr'>ri</span> 
     </span>
     <span class='ocr_line' id='line_1_16' title="bbox 357 2152 1665 2251; baseline -0.001 -28"><span class='ocrx_word' id='word_1_163' title='bbox 357 2162 494 2242; x_wconf 73' lang='grc' dir='ltr'><strong><em>μηδεμίαν</em></strong></span> <span class='ocrx_word' id='word_1_164' title='bbox 525 2158 655 2251; x_wconf 64' lang='grc' dir='ltr'><strong><em>ἀφορμὴν</em></strong></span> <span class='ocrx_word' id='word_1_165' title='bbox 686 2153 849 2232; x_wconf 69' lang='grc' dir='ltr'><strong><em>λαμβάνειν</em></strong></span> <span class='ocrx_word' id='word_1_166' title='bbox 880 2162 1043 2234; x_wconf 74' lang='grc' dir='ltr'><strong><em>ἐπιπλοκῆς,</em></strong></span> <span class='ocrx_word' id='word_1_167' title='bbox 1075 2163 1113 2223; x_wconf 70' lang='grc' dir='ltr'>εἷς</span> <span class='ocrx_word' id='word_1_168' title='bbox 1145 2152 1175 2220; x_wconf 69' lang='grc' dir='ltr'>δὲ</span> <span class='ocrx_word' id='word_1_169' title='bbox 1200 2155 1356 2247; x_wconf 73' lang='grc' dir='ltr'><strong><em>Κορώνειαν</em></strong></span> <span class='ocrx_word' id='word_1_170' title='bbox 1382 2155 1433 2222; x_wconf 82' lang='lat' dir='ltr'>acal</span> <span class='ocrx_word' id='word_1_171' title='bbox 1462 2157 1564 2237; x_wconf 67' lang='grc' dir='ltr'><strong><em>Θήβας</em></strong></span> <span class='ocrx_word' id='word_1_172' title='bbox 1588 2155 1621 2222; x_wconf 69' lang='lat' dir='ltr'>i&#39;n</span> <span class='ocrx_word' id='word_1_173' title='bbox 1644 2158 1665 2222; x_wconf 82' lang='grc' dir='ltr'>δ’</span> 
     </span>
     <span class='ocr_line' id='line_1_17' title="bbox 355 2253 1663 2353; baseline -0.004 -26"><span class='ocrx_word' id='word_1_174' title='bbox 355 2264 502 2353; x_wconf 79' lang='grc' dir='ltr'><strong><em>Ἃλιάρεον</em></strong></span> <span class='ocrx_word' id='word_1_175' title='bbox 536 2261 679 2326; x_wconf 65' lang='grc' dir='ltr'><strong><em>εἰσελθών</em></strong></span> <span class='ocrx_word' id='word_1_176' title='bbox 708 2254 886 2346; x_wconf 68' lang='grc' dir='ltr'><strong><em>παρεκάλεσε</em></strong></span> <span class='ocrx_word' id='word_1_177' title='bbox 913 2259 980 2322; x_wconf 69' lang='lat' dir='ltr'>rade</span> <span class='ocrx_word' id='word_1_178' title='bbox 1005 2253 1178 2345; x_wconf 65' lang='grc' dir='ltr'><strong><em>ἀνθρώπους</em></strong></span> <span class='ocrx_word' id='word_1_179' title='bbox 1205 2256 1390 2340; x_wconf 67' lang='grc' dir='ltr'>ἀντέχεσθαι</span> <span class='ocrx_word' id='word_1_180' title='bbox 1420 2269 1470 2336; x_wconf 77' lang='grc' dir='ltr'>τῆς</span> <span class='ocrx_word' id='word_1_181' title='bbox 1495 2261 1559 2349; x_wconf 69' lang='grc' dir='ltr'><strong><em>προς</em></strong></span> <span class='ocrx_word' id='word_1_182' title='bbox 1584 2271 1663 2322; x_wconf 84' lang='grc' dir='ltr'><strong><em>Μακε-</em></strong></span> 
     </span>
     <span class='ocr_line' id='line_1_18' title="bbox 358 2353 1667 2449; baseline -0.003 -20"><span class='ocrx_word' id='word_1_183' title='bbox 358 2361 444 2432; x_wconf 72' lang='grc' dir='ltr'><strong><em>δᾶνας</em></strong></span> <span class='ocrx_word' id='word_1_184' title='bbox 469 2362 589 2429; x_wconf 74' lang='grc' dir='ltr'><strong><em>εὔνοιἀς·</em></strong></span> <span class='ocrx_word' id='word_1_185' title='bbox 615 2369 671 2425; x_wconf 70' lang='grc' dir='ltr'><strong><em>τοῖν</em></strong></span> <span class='ocrx_word' id='word_1_186' title='bbox 701 2353 732 2422; x_wconf 67' lang='grc' dir='ltr'>δὲ</span> <span class='ocrx_word' id='word_1_187' title='bbox 762 2357 920 2448; x_wconf 64' lang='grc' dir='ltr'><strong><em>προθύμως</em></strong></span> <span class='ocrx_word' id='word_1_188' title='bbox 945 2356 1167 2440; x_wconf 70' lang='grc' dir='ltr'><strong><em>ἆποδεχομένιιν</em></strong></span> <span class='ocrx_word' id='word_1_189' title='bbox 1191 2358 1229 2421; x_wconf 72' lang='grc' dir='ltr'>τὰ</span> <span class='ocrx_word' id='word_1_190' title='bbox 1255 2357 1397 2440; x_wconf 64' lang='grc' dir='ltr'><strong><em>λεγόμενα</em></strong></span> <span class='ocrx_word' id='word_1_191' title='bbox 1425 2356 1473 2424; x_wconf 65' lang='grc' dir='ltr'>καὶ</span> <span class='ocrx_word' id='word_1_192' title='bbox 1501 2358 1667 2449; x_wconf 64' lang='grc' dir='ltr'>πρεσβευτὰς</span> 
     </span>
    </p>
   </div>
   <div class='ocr_carea' id='block_1_7' title="bbox 357 2452 1770 2648">
    <p class='ocr_par' dir='ltr' id='par_1_8' title="bbox 357 2452 1770 2648">
     <span class='ocr_line' id='line_1_19' title="bbox 357 2452 1770 2548; baseline -0.006 -19"><span class='ocrx_word' id='word_1_193' title='bbox 357 2461 570 2548; x_wconf 46' lang='lat' dir='ltr'>inperatricem</span> <span class='ocrx_word' id='word_1_194' title='bbox 596 2459 712 2536; x_wconf 68' lang='lat' dir='ltr'>nimrim</span> <span class='ocrx_word' id='word_1_195' title='bbox 738 2467 777 2528; x_wconf 80' lang='grc' dir='ltr'>εἷς</span> <span class='ocrx_word' id='word_1_196' title='bbox 802 2457 981 2524; x_wconf 69' lang='grc' dir='ltr'><strong><em>Μακεδονίαν</em></strong></span> <span class='ocrx_word' id='word_1_197' title='bbox 1008 2452 1089 2523; x_wconf 67' lang='grc' dir='ltr'><strong><em>οὗτοι·</em></strong></span> <span class='ocrx_word' id='word_1_198' title='bbox 1113 2453 1162 2533; x_wconf 73' lang='grc' dir='ltr'><strong><em>μὲν</em></strong></span> <span class='ocrx_word' id='word_1_199' title='bbox 1189 2457 1363 2538; x_wconf 66' lang='grc' dir='ltr'><strong><em>ἆπὲπλεμοε.</em></strong></span> <span class='ocrx_word' id='word_1_200' title='bbox 1409 2466 1447 2529; x_wconf 87' lang='lat' dir='ltr'>In</span> <span class='ocrx_word' id='word_1_201' title='bbox 1474 2486 1533 2544; x_wconf 90' lang='lat' dir='ltr'>quo</span> <span class='ocrx_word' id='word_1_202' title='bbox 1556 2467 1617 2547; x_wconf 84' lang='lat' dir='ltr'>loco</span> <span class='ocrx_word' id='word_1_203' title='bbox 1640 2465 1665 2522; x_wconf 85' lang='lat' dir='ltr'>in</span> <span class='ocrx_word' id='word_1_204' title='bbox 1769 2527 1770 2536; x_wconf 40' lang='lat'>,</span> 
     </span>
     <span class='ocr_line' id='line_1_20' title="bbox 358 2559 1770 2648; baseline -0.006 -16"><span class='ocrx_word' id='word_1_205' title='bbox 358 2573 457 2632; x_wconf 87' lang='lat' dir='ltr'>verbis</span> <span class='ocrx_word' id='word_1_206' title='bbox 477 2589 553 2648; x_wconf 89' lang='lat' dir='ltr'>quae</span> <span class='ocrx_word' id='word_1_207' title='bbox 574 2579 643 2628; x_wconf 88' lang='lat' dir='ltr'>sunt</span> <span class='ocrx_word' id='word_1_208' title='bbox 663 2559 711 2626; x_wconf 73' lang='grc' dir='ltr'>καὶ</span> <span class='ocrx_word' id='word_1_209' title='bbox 726 2559 832 2639; x_wconf 65' lang='grc' dir='ltr'><strong><em>Θήβας</em></strong></span> <span class='ocrx_word' id='word_1_210' title='bbox 852 2575 983 2626; x_wconf 87' lang='lat' dir='ltr'>erratum</span> <span class='ocrx_word' id='word_1_211' title='bbox 1004 2582 1071 2624; x_wconf 86' lang='lat' dir='ltr'>asse</span> <span class='ocrx_word' id='word_1_212' title='bbox 1092 2564 1203 2624; x_wconf 89' lang='lat' dir='ltr'>dudum</span> <span class='ocrx_word' id='word_1_213' title='bbox 1225 2565 1374 2624; x_wconf 84' lang='lat' dir='ltr'>intellexit</span> <span class='ocrx_word' id='word_1_214' title='bbox 1387 2565 1592 2639; x_wconf 74' lang='lat' dir='ltr'>casaubonus,</span> <span class='ocrx_word' id='word_1_215' title='bbox 1610 2586 1666 2625; x_wconf 93' lang='lat' dir='ltr'>cum</span> <span class='ocrx_word' id='word_1_216' title='bbox 1769 2573 1770 2590; x_wconf 80' lang='lat'>³</span> 
     </span>
    </p>
   </div>
   <div class='ocr_carea' id='block_1_8' title="bbox 265 2665 1668 3246">
    <p class='ocr_par' dir='ltr' id='par_1_9' title="bbox 265 2665 1668 3246">
     <span class='ocr_line' id='line_1_21' title="bbox 360 2665 1666 2746; baseline -0.008 -13"><span class='ocrx_word' id='word_1_217' title='bbox 360 2673 460 2734; x_wconf 85' lang='lat' dir='ltr'>statim</span> <span class='ocrx_word' id='word_1_218' title='bbox 483 2671 574 2732; x_wconf 91' lang='lat' dir='ltr'>addat</span> <span class='ocrx_word' id='word_1_219' title='bbox 600 2677 703 2728; x_wconf 89' lang='lat' dir='ltr'>auctor</span> <span class='ocrx_word' id='word_1_220' title='bbox 728 2669 847 2730; x_wconf 89' lang='lat' dir='ltr'>easdem</span> <span class='ocrx_word' id='word_1_221' title='bbox 876 2667 1011 2726; x_wconf 83' lang='lat' dir='ltr'>civitates</span> <span class='ocrx_word' id='word_1_222' title='bbox 1036 2665 1220 2741; x_wconf 87' lang='lat' dir='ltr'>praesidium</span> <span class='ocrx_word' id='word_1_223' title='bbox 1246 2666 1387 2741; x_wconf 83' lang='lat' dir='ltr'>petivisse</span> <span class='ocrx_word' id='word_1_224' title='bbox 1414 2687 1435 2726; x_wconf 91' lang='lat' dir='ltr'>a</span> <span class='ocrx_word' id='word_1_225' title='bbox 1459 2687 1542 2746; x_wconf 83' lang='lat' dir='ltr'>rege,</span> <span class='ocrx_word' id='word_1_226' title='bbox 1567 2683 1666 2743; x_wconf 85' lang='lat' dir='ltr'>quoae</span> 
     </span>
     <span class='ocr_line' id='line_1_22' title="bbox 360 2766 1668 2845; baseline -0.007 -13"><span class='ocrx_word' id='word_1_227' title='bbox 360 2772 552 2832; x_wconf 84' lang='lat' dir='ltr'>defenderent</span> <span class='ocrx_word' id='word_1_228' title='bbox 578 2789 597 2827; x_wconf 90' lang='lat' dir='ltr'>a</span> <span class='ocrx_word' id='word_1_229' title='bbox 617 2769 769 2828; x_wconf 83' lang='lat' dir='ltr'>Thebanis</span> <span class='ocrx_word' id='word_1_230' title='bbox 798 2788 834 2826; x_wconf 90' lang='lat' dir='ltr'>eo</span> <span class='ocrx_word' id='word_1_231' title='bbox 859 2777 993 2844; x_wconf 89' lang='lat' dir='ltr'>tempore</span> <span class='ocrx_word' id='word_1_232' title='bbox 1015 2766 1140 2824; x_wconf 89' lang='lat' dir='ltr'>ducibus</span> <span class='ocrx_word' id='word_1_233' title='bbox 1162 2767 1256 2841; x_wconf 90' lang='lat' dir='ltr'>partis</span> <span class='ocrx_word' id='word_1_234' title='bbox 1277 2766 1434 2827; x_wconf 88' lang='lat' dir='ltr'>adversae.</span> <span class='ocrx_word' id='word_1_235' title='bbox 1477 2769 1540 2828; x_wconf 88' lang='lat' dir='ltr'>Iam</span> <span class='ocrx_word' id='word_1_236' title='bbox 1560 2775 1668 2845; x_wconf 78' lang='lat' dir='ltr'>‘apparet</span> 
     </span>
     <span class='ocr_line' id='line_1_23' title="bbox 357 2864 1667 2946; baseline -0.005 -15"><span class='ocrx_word' id='word_1_237' title='bbox 357 2875 448 2932; x_wconf 84' lang='lat' dir='ltr'>verba</span> <span class='ocrx_word' id='word_1_238' title='bbox 467 2871 519 2928; x_wconf 93' lang='lat' dir='ltr'>illa</span> <span class='ocrx_word' id='word_1_239' title='bbox 540 2887 599 2928; x_wconf 91' lang='lat' dir='ltr'>nou</span> <span class='ocrx_word' id='word_1_240' title='bbox 620 2869 748 2932; x_wconf 86' lang='lat' dir='ltr'>delenda</span> <span class='ocrx_word' id='word_1_241' title='bbox 768 2885 844 2942; x_wconf 90' lang='lat' dir='ltr'>esse,</span> <span class='ocrx_word' id='word_1_242' title='bbox 865 2868 896 2928; x_wconf 92' lang='lat' dir='ltr'>id</span> <span class='ocrx_word' id='word_1_243' title='bbox 916 2866 996 2943; x_wconf 92' lang='lat' dir='ltr'>quod</span> <span class='ocrx_word' id='word_1_244' title='bbox 1016 2867 1128 2944; x_wconf 90' lang='lat' dir='ltr'>placuit</span> <span class='ocrx_word' id='word_1_245' title='bbox 1143 2864 1333 2938; x_wconf 73' lang='lat' dir='ltr'>casaubono,</span> <span class='ocrx_word' id='word_1_246' title='bbox 1355 2868 1409 2928; x_wconf 88' lang='lat' dir='ltr'>sed</span> <span class='ocrx_word' id='word_1_247' title='bbox 1424 2869 1581 2946; x_wconf 84' lang='lat' dir='ltr'>Polybium</span> <span class='ocrx_word' id='word_1_248' title='bbox 1600 2874 1667 2926; x_wconf 87' lang='lat' dir='ltr'>recte</span> 
     </span>
     <span class='ocr_line' id='line_1_24' title="bbox 265 2959 1667 3052; baseline -0.007 -20"><span class='ocrx_word' id='word_1_249' title='bbox 265 2965 268 2972; x_wconf 77' lang='grc'><strong><em>’</em></strong></span> <span class='ocrx_word' id='word_1_250' title='bbox 357 2973 586 3048; x_wconf 84' lang='lat' dir='ltr'>coniungentem</span> <span class='ocrx_word' id='word_1_251' title='bbox 609 2961 746 3028; x_wconf 77' lang='lat' dir='ltr'>civitites</span> <span class='ocrx_word' id='word_1_252' title='bbox 769 2967 845 3026; x_wconf 92' lang='lat' dir='ltr'>duas</span> <span class='ocrx_word' id='word_1_253' title='bbox 873 2968 1015 3026; x_wconf 89' lang='lat' dir='ltr'>finitimas</span> <span class='ocrx_word' id='word_1_254' title='bbox 1039 2967 1082 3043; x_wconf 89' lang='lat' dir='ltr'>(p.</span> <span class='ocrx_word' id='word_1_255' title='bbox 1097 2966 1156 3026; x_wconf 78' lang='lat'>289</span> <span class='ocrx_word' id='word_1_256' title='bbox 1178 2986 1208 3026; x_wconf 89' lang='lat' dir='ltr'>n.</span> <span class='ocrx_word' id='word_1_257' title='bbox 1226 2967 1259 3042; x_wconf 89' lang='lat'>3)</span> <span class='ocrx_word' id='word_1_258' title='bbox 1282 2969 1443 3043; x_wconf 85' lang='lat' dir='ltr'>scripsisse</span> <span class='ocrx_word' id='word_1_259' title='bbox 1461 2960 1510 3028; x_wconf 76' lang='grc' dir='ltr'>καὶ</span> <span class='ocrx_word' id='word_1_260' title='bbox 1528 2959 1667 3052; x_wconf 68' lang='grc' dir='ltr'><strong><em>Κορώνειαν</em></strong></span> 
     </span>
     <span class='ocr_line' id='line_1_25' title="bbox 356 3061 1668 3146; baseline -0.006 -14"><span class='ocrx_word' id='word_1_261' title='bbox 356 3061 404 3132; x_wconf 80' lang='lat' dir='ltr'>nai</span> <span class='ocrx_word' id='word_1_262' title='bbox 436 3063 560 3136; x_wconf 75' lang='grc' dir='ltr'><strong><em>θῖοβοιο.</em></strong></span> <span class='ocrx_word' id='word_1_263' title='bbox 606 3068 686 3128; x_wconf 86' lang='lat' dir='ltr'>Nam</span> <span class='ocrx_word' id='word_1_264' title='bbox 717 3087 814 3143; x_wconf 90' lang='lat' dir='ltr'>neque</span> <span class='ocrx_word' id='word_1_265' title='bbox 841 3067 974 3126; x_wconf 85' lang='lat' dir='ltr'>Thisbae</span> <span class='ocrx_word' id='word_1_266' title='bbox 1007 3068 1044 3126; x_wconf 89' lang='lat' dir='ltr'>ab</span> <span class='ocrx_word' id='word_1_267' title='bbox 1076 3086 1112 3126; x_wconf 88' lang='lat' dir='ltr'>co</span> <span class='ocrx_word' id='word_1_268' title='bbox 1144 3068 1232 3128; x_wconf 85' lang='lat' dir='ltr'>tacite</span> <span class='ocrx_word' id='word_1_269' title='bbox 1253 3069 1420 3143; x_wconf 76' lang='lat' dir='ltr'>&#39;praeteriri</span> <span class='ocrx_word' id='word_1_270' title='bbox 1449 3078 1615 3146; x_wconf 89' lang='lat' dir='ltr'>potuerunt,</span> <span class='ocrx_word' id='word_1_271' title='bbox 1643 3076 1668 3124; x_wconf 87' lang='lat' dir='ltr'>et</span> 
     </span>
     <span class='ocr_line' id='line_1_26' title="bbox 356 3165 1668 3246; baseline -0.005 -14"><span class='ocrx_word' id='word_1_272' title='bbox 356 3174 497 3234; x_wconf 86' lang='lat' dir='ltr'>facillime</span> <span class='ocrx_word' id='word_1_273' title='bbox 518 3172 596 3228; x_wconf 85' lang='lat' dir='ltr'>inter</span> <span class='ocrx_word' id='word_1_274' title='bbox 619 3188 651 3228; x_wconf 88' lang='lat' dir='ltr'>se</span> <span class='ocrx_word' id='word_1_275' title='bbox 674 3176 879 3245; x_wconf 88' lang='lat' dir='ltr'>permutantur</span> <span class='ocrx_word' id='word_1_276' title='bbox 900 3169 1016 3228; x_wconf 87' lang='lat' dir='ltr'>litterae</span> <span class='ocrx_word' id='word_1_277' title='bbox 1044 3183 1073 3230; x_wconf 83' lang='lat' dir='ltr'>tc</span> <span class='ocrx_word' id='word_1_278' title='bbox 1099 3174 1129 3226; x_wconf 88' lang='lat' dir='ltr'>et</span> <span class='ocrx_word' id='word_1_279' title='bbox 1150 3182 1193 3226; x_wconf 71' lang='grc' dir='ltr'>κ.</span> <span class='ocrx_word' id='word_1_280' title='bbox 1218 3165 1300 3228; x_wconf 34' lang='lat' dir='ltr'>*Sed</span> <span class='ocrx_word' id='word_1_281' title='bbox 1325 3188 1409 3229; x_wconf 89' lang='lat' dir='ltr'>error</span> <span class='ocrx_word' id='word_1_282' title='bbox 1436 3177 1485 3230; x_wconf 90' lang='lat' dir='ltr'>est</span> <span class='ocrx_word' id='word_1_283' title='bbox 1511 3169 1668 3246; x_wconf 88' lang='lat' dir='ltr'>antiquissi-</span> 
     </span>
    </p>
   </div>
   <div class='ocr_carea' id='block_1_9' title="bbox 355 3259 1771 3551">
    <p class='ocr_par' dir='ltr' id='par_1_10' title="bbox 355 3259 1771 3551">
     <span class='ocr_line' id='line_1_27' title="bbox 356 3259 1771 3346; baseline -0.008 -12"><span class='ocrx_word' id='word_1_284' title='bbox 356 3291 433 3346; x_wconf 89' lang='lat' dir='ltr'>mus,</span> <span class='ocrx_word' id='word_1_285' title='bbox 455 3292 522 3332; x_wconf 89' lang='lat' dir='ltr'>cum</span> <span class='ocrx_word' id='word_1_286' title='bbox 544 3272 642 3346; x_wconf 85' lang='lat' dir='ltr'>ipsum</span> <span class='ocrx_word' id='word_1_287' title='bbox 663 3269 784 3330; x_wconf 86' lang='lat' dir='ltr'>Livium</span> <span class='ocrx_word' id='word_1_288' title='bbox 809 3270 959 3346; x_wconf 86' lang='lat' dir='ltr'>deceperit</span> <span class='ocrx_word' id='word_1_289' title='bbox 980 3269 1025 3328; x_wconf 89' lang='lat' dir='ltr'>sic</span> <span class='ocrx_word' id='word_1_290' title='bbox 1046 3268 1100 3325; x_wconf 91' lang='lat' dir='ltr'>illa</span> <span class='ocrx_word' id='word_1_291' title='bbox 1120 3268 1292 3328; x_wconf 87' lang='lat' dir='ltr'>reddentem</span> <span class='ocrx_word' id='word_1_292' title='bbox 1314 3269 1369 3342; x_wconf 78' lang='lat'>42,</span> <span class='ocrx_word' id='word_1_293' title='bbox 1397 3270 1455 3344; x_wconf 87' lang='grc'>46,</span> <span class='ocrx_word' id='word_1_294' title='bbox 1483 3272 1515 3330; x_wconf 81' lang='lat'>7:</span> <span class='ocrx_word' id='word_1_295' title='bbox 1546 3259 1668 3328; x_wconf 81' lang='lat' dir='ltr'>Boeotiae</span> <span class='ocrx_word' id='word_1_296' title='bbox 1770 3329 1771 3332; x_wconf 8' lang='grc' dir='ltr'><strong>Ἴ</strong></span> 
     </span>
     <span class='ocr_line' id='line_1_28' title="bbox 356 3367 1771 3452; baseline -0.006 -18"><span class='ocrx_word' id='word_1_297' title='bbox 356 3393 466 3452; x_wconf 80' lang='lat' dir='ltr'>qaoque</span> <span class='ocrx_word' id='word_1_298' title='bbox 487 3375 612 3432; x_wconf 80' lang='lat' dir='ltr'>civitates</span> <span class='ocrx_word' id='word_1_299' title='bbox 634 3372 740 3448; x_wconf 86' lang='lat' dir='ltr'>(legati</span> <span class='ocrx_word' id='word_1_300' title='bbox 761 3370 878 3446; x_wconf 85' lang='lat' dir='ltr'>Persei)</span> <span class='ocrx_word' id='word_1_301' title='bbox 901 3369 1055 3430; x_wconf 71' lang='lat' dir='ltr'>atlhetae</span> <span class='ocrx_word' id='word_1_302' title='bbox 1076 3378 1102 3427; x_wconf 87' lang='lat' dir='ltr'>at</span> <span class='ocrx_word' id='word_1_303' title='bbox 1126 3367 1284 3429; x_wconf 83' lang='lat' dir='ltr'>Coroneam</span> <span class='ocrx_word' id='word_1_304' title='bbox 1304 3380 1331 3428; x_wconf 86' lang='lat' dir='ltr'>et</span> <span class='ocrx_word' id='word_1_305' title='bbox 1349 3370 1522 3430; x_wconf 84' lang='lat' dir='ltr'>Haliartum</span> <span class='ocrx_word' id='word_1_306' title='bbox 1541 3373 1669 3437; x_wconf 76' lang='lat' dir='ltr'>adierant,</span> <span class='ocrx_word' id='word_1_307' title='bbox 1770 3375 1771 3446; x_wconf 61' lang='lat' dir='ltr'>l</span> 
     </span>
     <span class='ocr_line' id='line_1_29' title="bbox 355 3467 1771 3551; baseline -0.006 -18"><span class='ocrx_word' id='word_1_308' title='bbox 355 3475 457 3551; x_wconf 81' lang='lat' dir='ltr'>quibua</span> <span class='ocrx_word' id='word_1_309' title='bbox 478 3491 638 3548; x_wconf 79' lang='lat' dir='ltr'>arpi-esaum</span> <span class='ocrx_word' id='word_1_310' title='bbox 665 3475 760 3529; x_wconf 83' lang='lat' dir='ltr'>invitia</span> <span class='ocrx_word' id='word_1_311' title='bbox 782 3473 1009 3543; x_wconf 75' lang='lat' dir='ltr'>existimabatur,</span> <span class='ocrx_word' id='word_1_312' title='bbox 1035 3478 1067 3527; x_wconf 85' lang='lat' dir='ltr'>nt</span> <span class='ocrx_word' id='word_1_313' title='bbox 1092 3469 1192 3528; x_wconf 86' lang='lat' dir='ltr'>relicta</span> <span class='ocrx_word' id='word_1_314' title='bbox 1212 3473 1294 3544; x_wconf 73' lang='lat' dir='ltr'>reaia</span> <span class='ocrx_word' id='word_1_315' title='bbox 1318 3473 1452 3536; x_wconf 67' lang='lat' dir='ltr'>societate</span> <span class='ocrx_word' id='word_1_316' title='bbox 1472 3472 1605 3530; x_wconf 78' lang='lat' dir='ltr'>Ronmnia</span> <span class='ocrx_word' id='word_1_317' title='bbox 1624 3470 1669 3527; x_wconf 87' lang='lat' dir='ltr'>ad·</span> <span class='ocrx_word' id='word_1_318' title='bbox 1770 3467 1771 3482; x_wconf 74' lang='lat'>³</span> 
     </span>
    </p>
   </div>
   <div class='ocr_carea' id='block_1_10' title="bbox 351 3572 1671 4959">
    <p class='ocr_par' dir='ltr' id='par_1_11' title="bbox 352 3572 1671 4354">
     <span class='ocr_line' id='line_1_30' title="bbox 355 3572 1668 3650; baseline -0.004 -18"><span class='ocrx_word' id='word_1_319' title='bbox 355 3579 545 3650; x_wconf 71' lang='lat' dir='ltr'>innqerantar.</span> <span class='ocrx_word' id='word_1_320' title='bbox 592 3572 718 3630; x_wconf 82' lang='lat' dir='ltr'>Thebani</span> <span class='ocrx_word' id='word_1_321' title='bbox 738 3572 812 3628; x_wconf 81' lang='lat' dir='ltr'>nihii</span> <span class='ocrx_word' id='word_1_322' title='bbox 831 3574 900 3629; x_wconf 89' lang='lat' dir='ltr'>moti</span> <span class='ocrx_word' id='word_1_323' title='bbox 920 3581 994 3641; x_wconf 84' lang='lat' dir='ltr'>eant,</span> <span class='ocrx_word' id='word_1_324' title='bbox 1022 3587 1194 3644; x_wconf 79' lang='lat' dir='ltr'>quamquam</span> <span class='ocrx_word' id='word_1_325' title='bbox 1213 3572 1345 3630; x_wconf 78' lang='lat' dir='ltr'>nonnihil</span> <span class='ocrx_word' id='word_1_326' title='bbox 1365 3581 1393 3632; x_wconf 88' lang='lat' dir='ltr'>at</span> <span class='ocrx_word' id='word_1_327' title='bbox 1412 3574 1556 3633; x_wconf 80' lang='lat' dir='ltr'>damnatis</span> <span class='ocrx_word' id='word_1_328' title='bbox 1572 3573 1668 3648; x_wconf 68' lang='lat' dir='ltr'>priam</span> 
     </span>
     <span class='ocr_line' id='line_1_31' title="bbox 352 3667 1670 3750; baseline -0.003 -18"><span class='ocrx_word' id='word_1_329' title='bbox 352 3676 437 3750; x_wconf 82' lang='lat' dir='ltr'>pibue</span> <span class='ocrx_word' id='word_1_330' title='bbox 460 3684 486 3732; x_wconf 88' lang='lat' dir='ltr'>et</span> <span class='ocrx_word' id='word_1_331' title='bbox 504 3676 641 3730; x_wconf 81' lang='lat' dir='ltr'>rectitatia</span> <span class='ocrx_word' id='word_1_332' title='bbox 662 3672 790 3733; x_wconf 80' lang='lat' dir='ltr'>caulibna</span> <span class='ocrx_word' id='word_1_333' title='bbox 811 3667 1010 3730; x_wconf 77' lang='lat' dir='ltr'>aucoence&#39;lrant</span> <span class='ocrx_word' id='word_1_334' title='bbox 1028 3670 1176 3730; x_wconf 80' lang='lat' dir='ltr'>Romania.</span> <span class='ocrx_word' id='word_1_335' title='bbox 1214 3669 1355 3730; x_wconf 82' lang='lat' dir='ltr'>Coronaei</span> <span class='ocrx_word' id='word_1_336' title='bbox 1375 3682 1402 3730; x_wconf 85' lang='lat' dir='ltr'>et</span> <span class='ocrx_word' id='word_1_337' title='bbox 1416 3673 1563 3732; x_wconf 85' lang='lat' dir='ltr'>Haliartii</span> <span class='ocrx_word' id='word_1_338' title='bbox 1576 3673 1670 3747; x_wconf 75' lang='lat' dir='ltr'>favore</span> 
     </span>
     <span class='ocr_line' id='line_1_32' title="bbox 354 3771 1669 3850; baseline -0.002 -17"><span class='ocrx_word' id='word_1_339' title='bbox 354 3777 478 3850; x_wconf 79' lang='lat' dir='ltr'>quodam</span> <span class='ocrx_word' id='word_1_340' title='bbox 504 3777 589 3831; x_wconf 82' lang='lat' dir='ltr'>inuito</span> <span class='ocrx_word' id='word_1_341' title='bbox 616 3777 646 3830; x_wconf 90' lang='lat' dir='ltr'>in</span> <span class='ocrx_word' id='word_1_342' title='bbox 670 3789 751 3847; x_wconf 73' lang='lat' dir='ltr'>repet</span> <span class='ocrx_word' id='word_1_343' title='bbox 778 3772 886 3846; x_wconf 61' lang='grc' dir='ltr'><strong><em>Ζαραῖος</em></strong></span> <span class='ocrx_word' id='word_1_344' title='bbox 913 3775 944 3828; x_wconf 87' lang='lat' dir='ltr'>in</span> <span class='ocrx_word' id='word_1_345' title='bbox 965 3771 1166 3828; x_wconf 84' lang='lat' dir='ltr'>Macedoniam</span> <span class='ocrx_word' id='word_1_346' title='bbox 1191 3773 1327 3830; x_wconf 76' lang='lat' dir='ltr'>miserant</span> <span class='ocrx_word' id='word_1_347' title='bbox 1345 3775 1527 3847; x_wconf 77' lang='lat' dir='ltr'>praesidium</span> <span class='ocrx_word' id='word_1_348' title='bbox 1547 3781 1669 3848; x_wconf 79' lang='lat' dir='ltr'>patenter,</span> 
     </span>
     <span class='ocr_line' id='line_1_33' title="bbox 355 3869 1671 3952; baseline -0.005 -19"><span class='ocrx_word' id='word_1_349' title='bbox 355 3893 410 3952; x_wconf 83' lang='lat' dir='ltr'>qao</span> <span class='ocrx_word' id='word_1_350' title='bbox 437 3893 467 3932; x_wconf 84' lang='lat' dir='ltr'>aa</span> <span class='ocrx_word' id='word_1_351' title='bbox 493 3874 631 3931; x_wconf 80' lang='lat' dir='ltr'>adversae</span> <span class='ocrx_word' id='word_1_352' title='bbox 656 3876 830 3946; x_wconf 80' lang='lat' dir='ltr'>impotentem</span> <span class='ocrx_word' id='word_1_353' title='bbox 857 3871 1019 3946; x_wconf 82' lang='lat' dir='ltr'>superbiam</span> <span class='ocrx_word' id='word_1_354' title='bbox 1049 3869 1241 3928; x_wconf 81' lang='lat' dir='ltr'>Thebanorum</span> <span class='ocrx_word' id='word_1_355' title='bbox 1269 3875 1343 3928; x_wconf 80' lang='lat' dir='ltr'>tueri</span> <span class='ocrx_word' id='word_1_356' title='bbox 1364 3876 1484 3946; x_wconf 79' lang='lat' dir='ltr'>poarint.</span> <span class='ocrx_word' id='word_1_357' title='bbox 1528 3873 1566 3931; x_wconf 93' lang='lat' dir='ltr'>Id</span> <span class='ocrx_word' id='word_1_358' title='bbox 1589 3871 1671 3949; x_wconf 82' lang='lat' dir='ltr'>igitur</span> 
     </span>
     <span class='ocr_line' id='line_1_34' title="bbox 353 3969 1670 4051; baseline -0.005 -18"><span class='ocrx_word' id='word_1_359' title='bbox 353 3977 453 4051; x_wconf 88' lang='lat' dir='ltr'>ipsum</span> <span class='ocrx_word' id='word_1_360' title='bbox 474 3974 554 4050; x_wconf 91' lang='lat' dir='ltr'>quod</span> <span class='ocrx_word' id='word_1_361' title='bbox 575 3971 654 4049; x_wconf 92' lang='lat' dir='ltr'>apud</span> <span class='ocrx_word' id='word_1_362' title='bbox 669 3971 830 4047; x_wconf 87' lang='lat' dir='ltr'>Polybium</span> <span class='ocrx_word' id='word_1_363' title='bbox 850 3989 907 4028; x_wconf 90' lang='lat' dir='ltr'>nos</span> <span class='ocrx_word' id='word_1_364' title='bbox 928 3971 1067 4046; x_wconf 83' lang='lat' dir='ltr'>legimus,</span> <span class='ocrx_word' id='word_1_365' title='bbox 1089 3971 1179 4028; x_wconf 89' lang='lat' dir='ltr'>etiam</span> <span class='ocrx_word' id='word_1_366' title='bbox 1193 3969 1298 4028; x_wconf 89' lang='lat' dir='ltr'>Livius</span> <span class='ocrx_word' id='word_1_367' title='bbox 1318 3971 1400 4046; x_wconf 84' lang='lat' dir='ltr'>legit,</span> <span class='ocrx_word' id='word_1_368' title='bbox 1422 3973 1505 4046; x_wconf 91' lang='lat' dir='ltr'>quod</span> <span class='ocrx_word' id='word_1_369' title='bbox 1526 3991 1590 4031; x_wconf 90' lang='lat' dir='ltr'>oum</span> <span class='ocrx_word' id='word_1_370' title='bbox 1610 3989 1670 4047; x_wconf 89' lang='lat' dir='ltr'>per·</span> 
     </span>
     <span class='ocr_line' id='line_1_35' title="bbox 354 4071 1671 4148; baseline -0.006 -14"><span class='ocrx_word' id='word_1_371' title='bbox 354 4093 473 4134; x_wconf 75' lang='lat' dir='ltr'>versum</span> <span class='ocrx_word' id='word_1_372' title='bbox 495 4091 564 4132; x_wconf 88' lang='lat' dir='ltr'>esse</span> <span class='ocrx_word' id='word_1_373' title='bbox 584 4072 775 4148; x_wconf 87' lang='lat' dir='ltr'>perspiceret,</span> <span class='ocrx_word' id='word_1_374' title='bbox 797 4078 831 4128; x_wconf 93' lang='lat' dir='ltr'>ut</span> <span class='ocrx_word' id='word_1_375' title='bbox 851 4071 952 4147; x_wconf 90' lang='lat' dir='ltr'>aliquo</span> <span class='ocrx_word' id='word_1_376' title='bbox 975 4071 1062 4128; x_wconf 93' lang='lat' dir='ltr'>modo</span> <span class='ocrx_word' id='word_1_377' title='bbox 1082 4087 1150 4128; x_wconf 87' lang='lat' dir='ltr'>sese</span> <span class='ocrx_word' id='word_1_378' title='bbox 1171 4071 1335 4146; x_wconf 86' lang='lat' dir='ltr'>expediret,</span> <span class='ocrx_word' id='word_1_379' title='bbox 1360 4072 1564 4148; x_wconf 88' lang='lat' dir='ltr'>narrationem</span> <span class='ocrx_word' id='word_1_380' title='bbox 1583 4072 1624 4129; x_wconf 88' lang='lat' dir='ltr'>ita</span> <span class='ocrx_word' id='word_1_381' title='bbox 1642 4076 1671 4127; x_wconf 92' lang='lat' dir='ltr'>ut</span> 
     </span>
     <span class='ocr_line' id='line_1_36' title="bbox 354 4157 1669 4248; baseline -0.007 -12"><span class='ocrx_word' id='word_1_382' title='bbox 354 4177 482 4236; x_wconf 87' lang='lat' dir='ltr'>vidimus</span> <span class='ocrx_word' id='word_1_383' title='bbox 503 4173 680 4242; x_wconf 89' lang='lat' dir='ltr'>immutavit,</span> <span class='ocrx_word' id='word_1_384' title='bbox 706 4188 778 4229; x_wconf 90' lang='lat' dir='ltr'>usus</span> <span class='ocrx_word' id='word_1_385' title='bbox 800 4171 848 4230; x_wconf 86' lang='lat' dir='ltr'>rel</span> <span class='ocrx_word' id='word_1_386' title='bbox 869 4157 970 4248; x_wconf 85' lang='lat' dir='ltr'>potius</span> <span class='ocrx_word' id='word_1_387' title='bbox 992 4171 1105 4229; x_wconf 89' lang='lat' dir='ltr'>abusus</span> <span class='ocrx_word' id='word_1_388' title='bbox 1126 4171 1164 4232; x_wconf 88' lang='lat' dir='ltr'>iis</span> <span class='ocrx_word' id='word_1_389' title='bbox 1186 4189 1263 4248; x_wconf 91' lang='lat' dir='ltr'>quae</span> <span class='ocrx_word' id='word_1_390' title='bbox 1285 4171 1322 4228; x_wconf 93' lang='lat' dir='ltr'>de</span> <span class='ocrx_word' id='word_1_391' title='bbox 1343 4171 1556 4231; x_wconf 86' lang='lat' dir='ltr'>Thebanorum</span> <span class='ocrx_word' id='word_1_392' title='bbox 1575 4171 1669 4230; x_wconf 85' lang='lat' dir='ltr'>factio·</span> 
     </span>
     <span class='ocr_line' id='line_1_37' title="bbox 352 4273 865 4354; baseline -0.021 -15"><span class='ocrx_word' id='word_1_393' title='bbox 352 4277 439 4340; x_wconf 90' lang='lat' dir='ltr'>nibus</span> <span class='ocrx_word' id='word_1_394' title='bbox 461 4273 564 4354; x_wconf 88' lang='lat' dir='ltr'>paullo</span> <span class='ocrx_word' id='word_1_395' title='bbox 585 4279 653 4332; x_wconf 91' lang='lat' dir='ltr'>ante</span> <span class='ocrx_word' id='word_1_396' title='bbox 675 4281 865 4348; x_wconf 84' lang='lat' dir='ltr'>exposuerat.</span> 
     </span>
    </p>

    <p class='ocr_par' dir='ltr' id='par_1_12' title="bbox 351 4369 1671 4959">
     <span class='ocr_line' id='line_1_38' title="bbox 433 4369 1669 4442; baseline -0.007 -5"><span class='ocrx_word' id='word_1_397' title='bbox 433 4377 518 4436; x_wconf 90' lang='lat' dir='ltr'>Haec</span> <span class='ocrx_word' id='word_1_398' title='bbox 539 4374 618 4432; x_wconf 90' lang='lat' dir='ltr'>facta</span> <span class='ocrx_word' id='word_1_399' title='bbox 645 4380 715 4432; x_wconf 85' lang='lat' dir='ltr'>sunt</span> <span class='ocrx_word' id='word_1_400' title='bbox 735 4372 832 4430; x_wconf 89' lang='lat' dir='ltr'>hieme</span> <span class='ocrx_word' id='word_1_401' title='bbox 853 4390 879 4428; x_wconf 92' lang='lat' dir='ltr'>a.</span> <span class='ocrx_word' id='word_1_402' title='bbox 903 4392 932 4430; x_wconf 92' lang='lat' dir='ltr'>u.</span> <span class='ocrx_word' id='word_1_403' title='bbox 954 4390 979 4430; x_wconf 90' lang='lat' dir='ltr'>c.</span> <span class='ocrx_word' id='word_1_404' title='bbox 1002 4369 1105 4433; x_wconf 76' lang='lat' dir='ltr'>cette.</span> <span class='ocrx_word' id='word_1_405' title='bbox 1148 4371 1265 4429; x_wconf 89' lang='lat' dir='ltr'>Bellum</span> <span class='ocrx_word' id='word_1_406' title='bbox 1287 4371 1393 4431; x_wconf 88' lang='lat' dir='ltr'>deinde</span> <span class='ocrx_word' id='word_1_407' title='bbox 1414 4391 1482 4431; x_wconf 93' lang='lat' dir='ltr'>cum</span> <span class='ocrx_word' id='word_1_408' title='bbox 1504 4375 1669 4442; x_wconf 85' lang='lat' dir='ltr'>exarsisset,</span> 
     </span>
     <span class='ocr_line' id='line_1_39' title="bbox 354 4470 1670 4556; baseline -0.007 -18"><span class='ocrx_word' id='word_1_409' title='bbox 354 4479 445 4539; x_wconf 87' lang='lat' dir='ltr'>classi</span> <span class='ocrx_word' id='word_1_410' title='bbox 473 4476 642 4556; x_wconf 86' lang='lat' dir='ltr'>praelectus</span> <span class='ocrx_word' id='word_1_411' title='bbox 672 4471 707 4531; x_wconf 90' lang='lat' dir='ltr'>C.</span> <span class='ocrx_word' id='word_1_412' title='bbox 734 4470 895 4530; x_wconf 88' lang='lat' dir='ltr'>Lucretius</span> <span class='ocrx_word' id='word_1_413' title='bbox 922 4480 1044 4549; x_wconf 89' lang='lat' dir='ltr'>praetor</span> <span class='ocrx_word' id='word_1_414' title='bbox 1070 4489 1173 4530; x_wconf 88' lang='lat' dir='ltr'>mense</span> <span class='ocrx_word' id='word_1_415' title='bbox 1197 4471 1285 4530; x_wconf 93' lang='lat' dir='ltr'>Iunio</span> <span class='ocrx_word' id='word_1_416' title='bbox 1313 4471 1393 4546; x_wconf 88' lang='lat' dir='ltr'>(Liv.</span> <span class='ocrx_word' id='word_1_417' title='bbox 1422 4471 1472 4545; x_wconf 80' lang='lat'>42,</span> <span class='ocrx_word' id='word_1_418' title='bbox 1500 4473 1551 4546; x_wconf 89' lang='lat'>35,</span> <span class='ocrx_word' id='word_1_419' title='bbox 1579 4473 1611 4549; x_wconf 89' lang='lat'>3)</span> <span class='ocrx_word' id='word_1_420' title='bbox 1636 4489 1670 4529; x_wconf 86' lang='lat' dir='ltr'>ex</span> 
     </span>
     <span class='ocr_line' id='line_1_40' title="bbox 353 4571 1669 4650; baseline -0.007 -11"><span class='ocrx_word' id='word_1_421' title='bbox 353 4580 443 4638; x_wconf 90' lang='lat' dir='ltr'>Italia</span> <span class='ocrx_word' id='word_1_422' title='bbox 470 4579 502 4636; x_wconf 92' lang='lat' dir='ltr'>in</span> <span class='ocrx_word' id='word_1_423' title='bbox 527 4575 656 4635; x_wconf 90' lang='lat' dir='ltr'>insulam</span> <span class='ocrx_word' id='word_1_424' title='bbox 684 4571 908 4650; x_wconf 81' lang='lat' dir='ltr'>Cephalleniam</span> <span class='ocrx_word' id='word_1_425' title='bbox 934 4573 1086 4650; x_wconf 88' lang='lat' dir='ltr'>profectus</span> <span class='ocrx_word' id='word_1_426' title='bbox 1111 4572 1181 4630; x_wconf 91' lang='lat' dir='ltr'>inde</span> <span class='ocrx_word' id='word_1_427' title='bbox 1206 4571 1328 4630; x_wconf 83' lang='lat' dir='ltr'>fratrem</span> <span class='ocrx_word' id='word_1_428' title='bbox 1354 4573 1488 4632; x_wconf 89' lang='lat' dir='ltr'>Marcum</span> <span class='ocrx_word' id='word_1_429' title='bbox 1510 4592 1577 4632; x_wconf 89' lang='lat' dir='ltr'>cum</span> <span class='ocrx_word' id='word_1_430' title='bbox 1596 4572 1669 4632; x_wconf 86' lang='lat' dir='ltr'>nari·</span> 
     </span>
     <span class='ocr_line' id='line_1_41' title="bbox 351 4657 1671 4748; baseline -0.006 -12"><span class='ocrx_word' id='word_1_431' title='bbox 351 4678 408 4737; x_wconf 92' lang='lat' dir='ltr'>bus</span> <span class='ocrx_word' id='word_1_432' title='bbox 424 4677 596 4737; x_wconf 87' lang='lat' dir='ltr'>Chalcidem</span> <span class='ocrx_word' id='word_1_433' title='bbox 617 4675 708 4746; x_wconf 90' lang='lat' dir='ltr'>misit,</span> <span class='ocrx_word' id='word_1_434' title='bbox 731 4673 807 4732; x_wconf 89' lang='lat' dir='ltr'>unde</span> <span class='ocrx_word' id='word_1_435' title='bbox 829 4673 855 4730; x_wconf 90' lang='lat' dir='ltr'>is</span> <span class='ocrx_word' id='word_1_436' title='bbox 876 4673 908 4729; x_wconf 89' lang='lat' dir='ltr'>in</span> <span class='ocrx_word' id='word_1_437' title='bbox 929 4672 1086 4731; x_wconf 87' lang='lat' dir='ltr'>Boeotiam</span> <span class='ocrx_word' id='word_1_438' title='bbox 1108 4657 1263 4748; x_wconf 83' lang='lat' dir='ltr'>ingressus</span> <span class='ocrx_word' id='word_1_439' title='bbox 1284 4674 1386 4748; x_wconf 87' lang='lat' dir='ltr'>copias</span> <span class='ocrx_word' id='word_1_440' title='bbox 1400 4671 1571 4733; x_wconf 85' lang='lat' dir='ltr'>Haliartum</span> <span class='ocrx_word' id='word_1_441' title='bbox 1592 4672 1671 4732; x_wconf 85' lang='lat' dir='ltr'>duxit</span> 
     </span>
     <span class='ocr_line' id='line_1_42' title="bbox 353 4771 1670 4856; baseline -0.003 -24"><span class='ocrx_word' id='word_1_442' title='bbox 353 4776 392 4833; x_wconf 92' lang='lat' dir='ltr'>ad</span> <span class='ocrx_word' id='word_1_443' title='bbox 409 4777 560 4854; x_wconf 87' lang='lat' dir='ltr'>&#39;oppidum</span> <span class='ocrx_word' id='word_1_444' title='bbox 586 4775 827 4854; x_wconf 84' lang='lat' dir='ltr'>oppugnandum.</span> <span class='ocrx_word' id='word_1_445' title='bbox 872 4773 944 4849; x_wconf 91' lang='lat' dir='ltr'>Ipse</span> <span class='ocrx_word' id='word_1_446' title='bbox 969 4781 1089 4848; x_wconf 89' lang='lat' dir='ltr'>praetor</span> <span class='ocrx_word' id='word_1_447' title='bbox 1116 4791 1182 4831; x_wconf 87' lang='lat' dir='ltr'>cum</span> <span class='ocrx_word' id='word_1_448' title='bbox 1210 4792 1269 4832; x_wconf 87' lang='lat' dir='ltr'>uua</span> <span class='ocrx_word' id='word_1_449' title='bbox 1295 4773 1408 4831; x_wconf 88' lang='lat' dir='ltr'>triremi</span> <span class='ocrx_word' id='word_1_450' title='bbox 1436 4793 1455 4832; x_wconf 90' lang='lat' dir='ltr'>a</span> <span class='ocrx_word' id='word_1_451' title='bbox 1480 4771 1670 4856; x_wconf 82' lang='lat' dir='ltr'>Cephallenia</span> 
     </span>
     <span class='ocr_line' id='line_1_43' title="bbox 352 4871 1670 4959; baseline -0.002 -27"><span class='ocrx_word' id='word_1_452' title='bbox 352 4874 488 4933; x_wconf 88' lang='lat' dir='ltr'>breviore</span> <span class='ocrx_word' id='word_1_453' title='bbox 509 4877 559 4933; x_wconf 90' lang='lat' dir='ltr'>via</span> <span class='ocrx_word' id='word_1_454' title='bbox 579 4895 633 4951; x_wconf 88' lang='lat' dir='ltr'>per</span> <span class='ocrx_word' id='word_1_455' title='bbox 654 4876 752 4934; x_wconf 88' lang='lat' dir='ltr'>sinum</span> <span class='ocrx_word' id='word_1_456' title='bbox 774 4872 997 4937; x_wconf 78' lang='lat' dir='ltr'>Corinthiacum</span> <span class='ocrx_word' id='word_1_457' title='bbox 1021 4875 1052 4932; x_wconf 90' lang='lat' dir='ltr'>in</span> <span class='ocrx_word' id='word_1_458' title='bbox 1074 4873 1231 4936; x_wconf 88' lang='lat' dir='ltr'>Boeotiam</span> <span class='ocrx_word' id='word_1_459' title='bbox 1250 4875 1404 4959; x_wconf 81' lang='lat' dir='ltr'>ingressus</span> <span class='ocrx_word' id='word_1_460' title='bbox 1426 4873 1570 4935; x_wconf 79' lang='lat' dir='ltr'>Creusam</span> <span class='ocrx_word' id='word_1_461' title='bbox 1597 4871 1670 4932; x_wconf 87' lang='lat' dir='ltr'>venit</span> 
     </span>
    </p>
   </div>
   <div class='ocr_carea' id='block_1_11' title="bbox 429 5174 1216 5244">
    <p class='ocr_par' dir='ltr' id='par_1_13' title="bbox 429 5174 1216 5244">
     <span class='ocr_line' id='line_1_44' title="bbox 429 5174 1216 5244; baseline 0 -17"><span class='ocrx_word' id='word_1_462' title='bbox 429 5174 453 5238; x_wconf 89' lang='lat' dir='ltr'>l)</span> <span class='ocrx_word' id='word_1_463' title='bbox 478 5176 534 5226; x_wconf 86' lang='lat' dir='ltr'>Liv.</span> <span class='ocrx_word' id='word_1_464' title='bbox 548 5177 592 5240; x_wconf 76' lang='lat' dir='ltr'>ta,</span> <span class='ocrx_word' id='word_1_465' title='bbox 609 5179 651 5241; x_wconf 80' lang='lat'>12,</span> <span class='ocrx_word' id='word_1_466' title='bbox 667 5179 692 5230; x_wconf 82' lang='lat'>5.</span> <span class='ocrx_word' id='word_1_467' title='bbox 712 5195 733 5230; x_wconf 90' lang='lat' dir='ltr'>c.</span> <span class='ocrx_word' id='word_1_468' title='bbox 749 5181 793 5242; x_wconf 87' lang='grc'>40,</span> <span class='ocrx_word' id='word_1_469' title='bbox 808 5181 833 5231; x_wconf 87' lang='grc'>6.</span> <span class='ocrx_word' id='word_1_470' title='bbox 853 5196 874 5230; x_wconf 90' lang='lat' dir='ltr'>c.</span> <span class='ocrx_word' id='word_1_471' title='bbox 893 5181 937 5230; x_wconf 87' lang='grc'>43.</span> <span class='ocrx_word' id='word_1_472' title='bbox 956 5181 999 5232; x_wconf 86' lang='grc'>44.</span> <span class='ocrx_word' id='word_1_473' title='bbox 1024 5178 1117 5244; x_wconf 82' lang='lat' dir='ltr'>Polyb.</span> <span class='ocrx_word' id='word_1_474' title='bbox 1131 5179 1175 5240; x_wconf 75' lang='lat'>27,</span> <span class='ocrx_word' id='word_1_475' title='bbox 1191 5180 1216 5228; x_wconf 82' lang='lat'>2.</span> 
     </span>
    </p>
   </div>
   <div class='ocr_carea' id='block_1_12' title="bbox 0 0 1814 6080">
    <p class='ocr_par' dir='ltr' id='par_1_14' title="bbox 0 0 1814 6080">
     <span class='ocr_line' id='line_1_45' title="bbox 0 0 1814 6080; baseline 0 0"><span class='ocrx_word' id='word_1_476' title='bbox 0 0 1814 6080; x_wconf 95' lang='lat' dir='ltr'> </span> 
     </span>
    </p>
   </div>
  </div>
 </body>
</html>
