3654 6072
554 593 856 648 ossuuvnrronas
873 595 993 649 arran.
1012 599 1065 654 ιιι.
1432 587 1478 658 75

254 735 355 816 ilomae
372 765 400 814 in
420 765 496 816 vinea
515 767 646 830 quondam
666 767 737 818 card.
757 769 834 834 Carp.
855 770 883 819 in
903 785 1035 832 marmore
1049 773 1151 836 grandi.

215 837 226 857 '
299 857 365 920 Imp.
384 855 459 906 Caes.
479 857 531 906 diri
550 858 677 908 Hadriani
695 860 747 921 fit,
768 860 821 910 diri
841 861 950 912 Traiani
968 863 1058 914 Parth.
1078 879 1147 928 nep,
1168 865 1221 916 dlvi
1239 865 1342 918 Nervae
1359 883 1477 934 pronep,

301 946 342 997 Ti.
366 946 445 996 Aelio
470 947 605 998 Hadriano
625 950 760 1000 Antonino
779 951 849 1015 Aug.
868 952 916 1002 Pio
936 960 1007 1017 pont.
1032 967 1101 1004 max.
1127 955 1186 1004 trib.
1210 961 1264 1020 pot.
1283 959 1340 1008 1111
1364 975 1417 1010 cor.
1436 962 1479 1012 111

300 1053 327 1100 p.
345 1054 371 1102 p.
396 1038 429 1087 ob
449 1039 535 1102 ampla
554 1039 678 1090 beneficia
697 1041 729 1090 ab
750 1042 847 1106 optimc
866 1043 1007 1110 maximcq.
1026 1045 1142 1110 principe
1161 1047 1189 1096 in
1207 1061 1234 1098 se
1254 1049 1359 1100 conlata
1377 1051 1479 1101 colonia

300 1127 379 1176 Aelia
397 1129 497 1179 Hadria
517 1163 612 1180 ......
622 1146 656 1180 uo

256 1217 330 1270 Grut
347 1221 425 1282 1022,
441 1221 457 1269 3
474 1209 530 1284 ‘per
549 1219 748 1272 Gutenstenium
765 1221 874 1273 Fulvius
892 1215 1018 1275 Ursinus’.

135 1341 1476 1370 -Ἠ-,Ἣ

254 1415 353 1467 Romae
372 1417 400 1466 in
420 1417 527 1468 sedibus
545 1415 623 1468 Marii
642 1419 754 1468 Melliui.
898 1383 900 1390 Ι

298 1507 351 1558 Pro
371 1509 452 1560 saluts
464 1509 546 1558 Iuliae
558 1509 688 1560 Veneriae
706 1509 775 1560 tiliae
794 1509 956 1562 dulcissimae
974 1511 1082 1562 deliciae
1101 1529 1162 1565 suae
1182 1517 1305 1568 tabellam
1324 1519 1390 1570 hanc
1409 1536 1476 1577 mar·

298 1613 363 1648 mor.
382 1615 440 1650 curu
459 1599 532 1664 signo
546 1601 685 1666 Aesculapi
704 1603 731 1652 in
745 1617 836 1652 somno
850 1602 995 1654 admonitus
1007 1604 1038 1654 L.
1052 1606 1172 1656 Valerius
1187 1608 1281 1674 Capito
1295 1612 1353 1662 aed.
1366 1625 1476 1665 anm...

299 1691 808 1756 .m„mdaplmddd

255 1779 330 1832 (irat.
346 1783 426 1835 1014.
440 1783 456 1832 5
474 1773 666 1834 ‘Gutenstenius
685 1799 719 1834 ex
736 1775 898 1836 Ursiniauis'.

254 1979 354 2030 Romae
372 1981 400 2030 in
418 1981 525 2030 aedibus
545 1981 663 2032 Caesaris
683 1983 821 2034 Albertini.

297 2073 403 2122 Herculi
426 2072 541 2137 pacifero
565 2079 591 2122 et
612 2073 695 2124 Musis
714 2075 744 2124 L.
764 2074 827 2126 Feb.
841 2075 994 2126 Valerianus
1019 2090 1058 2140 pr.
1083 2091 1122 2140 pr.
1146 2093 1219 2142 prov.
1243 2076 1379 2144 Galen„
1405 2099 1475 2148 prce.

298 2179 371 2227 prov.
390 2163 511 2216 Ain...
533 2165 622 2214 vis...
641 2165 787 2216 admonitus
889 2167 991 2218 rediens
1010 2182 1035 2216 ι.
1055 2181 1075 2219 s.
1096 2167 1122 2218 d.
1141 2183 1162 2218 s.
1182 2169 1199 2218 l.
1219 2185 1254 2220 m.

255 2253 330 2305 Grut.
347 2255 425 2317 1013,
440 2257 458 2305 4
475 2243 669 2306 ‘Gutenstenlus
688 2271 722 2306 ex
739 2247 901 2308 Ursinianis’.

228 2525 382 2588 Summam
409 2529 620 2604 disputationis
646 2538 679 2588 ut
703 2530 807 2606 paucis
831 2531 929 2590 verbis
956 2532 1147 2609 complectar,
1175 2553 1241 2592 cum
1264 2533 1376 2594 dudum
1398 2537 1475 2599 disfi-

137 2629 214 2688 dere
236 2629 428 2689 didicerimus
449 2629 488 2688 iis
510 2649 588 2706 quae
603 2631 681 2707 apud
698 2629 860 2690 Gruterum
875 2632 1016 2712 leguntur
1029 2633 1201 2694 auctoribus
1216 2635 1345 2696 laudatis
1362 2635 1476 2700 Guten·

137 2729 243 2788 stenio
265 2731 386 2790 Metello
408 2731 539 2803 Ursino,
568 2732 628 2790 iarn
656 2732 855 2792 stabilivimus
880 2751 898 2791 a
920 2732 1119 2795 Gutenstenio
1140 2735 1208 2794 visa
1235 2753 1312 2812 qnae
1339 2739 1478 2800 dicuntur

138 2840 208 2889 tum
234 2831 403 2892 damnanda
430 2849 513 2903 esse,
542 2852 609 2891 cum
637 2833 779 2911 descripti
807 2851 874 2892 esse
902 2835 1042 2893 dicuntur
1067 2855 1106 2894 ex
1133 2835 1284 2912 lapidibus
1312 2839 1351 2897 ad
1372 2859 1476 2901 secan·

139 2932 215 2990 dnm
242 2931 414 3005 destinatis3
441 2933 614 2994 Metelliana
638 2935 788 3012 exigenda
811 2953 880 2994 esse
906 2935 945 2994 ad
967 2936 1093 2996 schedas
1118 2937 1233 2996 Metelli
1254 2939 1350 2999 adhuc
1373 2957 1477 3020 super-

140 3034 230 3092 stites
260 3042 290 3092 et
315 3034 460 3112 quidquid
487 3036 530 3094 ibi
558 3035 646 3093 aliter
674 3045 722 3094 est
748 3037 795 3094 rel
826 3037 864 3094 ab
892 3037 929 3094 iis
958 3039 1057 3110 abest,
1087 3038 1288 3114 abiciendum
1314 3039 1478 3102 Ursinianus

140 3134 275 3210 denique
300 3155 355 3212 per
377 3134 608 3196 Gutenstenium
634 3134 764 3196 Grutero
786 3137 878 3196 missa
900 3146 1040 3214 suspecta
1060 3157 1128 3197 esse
1150 3140 1251 3198 omnia
1271 3149 1301 3199 et
1321 3142 1477 3203 adsertore

139 3235 252 3294 idoneo
274 3235 429 3296 deficiente
451 3256 490 3295 ex
511 3236 879 3314 titulorumprcbatorum
901 3258 1024 3298 numero
1045 3239 1213 3299 eximenda.
1249 3241 1333 3300 Idem
1349 3243 1478 3318 pertinet

140 3333 234 3395 etiam
257 3337 295 3394 ad
317 3356 353 3395 ea
374 3356 452 3414 qnae
474 3346 683 3414 proponuntur
704 3339 784 3415 apud
807 3337 966 3398 Gruterum
990 3341 1045 3398 sub
1067 3341 1161 3399 altero
1183 3350 1251 3400 utro
1274 3344 1338 3402 sive
1361 3341 1477 3404 Guten-

142 3437 233 3497 stenii
256 3438 319 3497 sive
341 3438 445 3498 Ursini
467 3439 600 3510 nornine3
623 3458 691 3497 nam
715 3440 789 3498 haec
811 3457 930 3516 quoque
950 3461 989 3498 ex
1010 3439 1099 3498 trium
1121 3441 1241 3500 illorum
1263 3445 1401 3502 ordinum
1423 3445 1477 3503 uli·

141 3557 203 3616 quo
230 3547 284 3597 aut
304 3549 374 3598 suut
393 3547 445 3598 aut
465 3557 532 3598 esse
554 3547 689 3617 possunt.
733 3540 908 3616 Proprietas
930 3540 1056 3616 denique
1077 3541 1190 3600 fraudis
1213 3543 1302 3600 huius
1325 3563 1364 3601 ex
1385 3561 1478 3621 supra

140 3641 245 3699 allatis
266 3641 413 3718 exemplis
434 3641 523 3702 facile
545 3640 793 3716 deprehendenda
813 3661 850 3700 ea
870 3647 930 3712 est,
957 3650 1070 3699 utnon
1091 3659 1160 3700 raro
1181 3642 1250 3717 ipsa
1270 3661 1302 3702 se
1323 3654 1475 3722 coarguat.

141 3742 312 3818 Interpolat
333 3740 551 3801 Gutenstenius
568 3742 698 3819 passim,
719 3743 815 3800 rarius
837 3741 986 3817 confingit.
1030 3739 1142 3800 Titulis
1164 3743 1302 3818 genuinis
1324 3761 1385 3802 non
1406 3763 1475 3802 raro

142 3842 230 3901 addit
255 3842 336 3901 levia
361 3850 391 3901 et
416 3863 471 3921 per
495 3861 528 3902 se
550 3843 732 3913 tolerabilia,
759 3851 792 3900 ut
812 3839 927 3900 dierum
948 3861 1105 3901 numerum
1127 3843 1164 3900 ad
1186 3860 1305 3904 menses
1327 3852 1358 3904 et
1379 3864 1475 3906 annos

142 3943 329 4002 formulasve
350 3945 513 4004 sollemnes
534 3944 743 4018 dedicatorias,
763 3943 812 4002 vel
832 3944 971 4002 immutat
991 3943 1101 4001 tradita
1122 3944 1267 4017 similiter,
1289 3955 1323 4004 ut
1343 3947 1375 4005 in
1391 3945 1477 4007 Salo·

144 4045 250 4104 nrano
277 4061 333 4120 pro
358 4045 406 4102 ure
432 4046 482 4104 ιιι
506 4043 548 4103 ιι.
570 4045 642 4102 urar.
669 4043 774 4102 mnan
800 4045 929 4104 scabere
951 4043 995 4102 vr
1021 4025 1060 4102 ιἰ.
1084 4044 1174 4104 rear.
1201 4053 1231 4105 a
1257 4047 1300 4106 sic
1325 4047 1475 4126 deinceps.

144 4145 290 4206 Omnium
312 4145 443 4204 maxime
464 4156 562 4206 autem
584 4145 748 4204 delectatur
768 4145 926 4222 pingendis
948 4144 1080 4204 hiatibus
1102 4145 1191 4204 modo
1214 4154 1325 4206 temere
1345 4157 1374 4206 et
1388 4149 1477 4223 quasi

145 4247 311 4305 ludibunde
336 4246 493 4319 admissis,
523 4247 612 4305 modo
641 4246 747 4304 callide
776 4246 815 4304 ad
841 4246 1086 4322 interpolationes
1116 4247 1258 4324 tegendas
1289 4248 1476 4325 excogitatis.

146 4347 304 4407 Hactenus
331 4349 411 4424 sapit
432 4366 525 4424 supra
545 4347 715 4426 Ligurium,
742 4355 776 4406 ut
797 4345 899 4406 Latini
921 4347 1068 4406 sermonis
1089 4347 1220 4424 aliquem
1241 4366 1328 4406 nsum
1349 4365 1422 4425 prae
1444 4366 1477 4407 se

146 4447 223 4508 ierat
254 4455 286 4506 et
310 4447 493 4510 Diocletiani
519 4448 754 4523 Maximianique
784 4449 979 4524 praenomina
1009 4456 1089 4506 recte
1120 4447 1291 4506 adscribere
1324 4447 1475 4520 didicerit;

147 4557 305 4627 praeterea
331 4549 381 4608 hic
405 4567 526 4626 quoque
552 4549 623 4608 artis
649 4557 770 4608 nostrae
791 4548 895 4607 Bonus
917 4547 1051 4608 Eventus
1075 4547 1160 4618 fecit,
1189 4555 1222 4605 ut
1241 4546 1363 4606 fraudes
1385 4549 1477 4608 eomi-

148 4656 285 4710 latentur
308 4649 428 4709 inscitia
453 4657 483 4710 et
502 4649 637 4712 infantia.
680 4651 710 4708 A
729 4650 900 4726 Ligarianis
922 4658 1021 4708 autem
1046 4645 1288 4708 Gutensteniana
1308 4649 1361 4725 qui
1381 4658 1477 4714 artem

150 4753 238 4811 callet
267 4767 329 4811 non
362 4751 460 4811 minus
487 4760 569 4812 certo
596 4768 651 4812 nec
679 4751 831 4811 difficilius
860 4751 1012 4828 separabit
1039 4767 1129 4826 quam
1157 4749 1210 4826 qui
1235 4751 1332 4827 poetis
1359 4749 1477 4811 Latinis

151 4871 270 4930 operam
293 4851 439 4911 dederunt
459 4853 635 4930 Vergiliana
655 4853 694 4912 ab
717 4851 876 4911 Ouidianis
898 4851 1091 4930 distinguunt.

714 5065 918 5076 nu*-
