3654 6072
125 2219 214 2332 ilum
239 2289 278 2332 eo
301 2272 495 2352 perventum
520 2271 618 2347 esset,
642 2273 680 2329 ut
702 2263 934 2350 inscriptiones
957 2263 1098 2330 Latinae
1121 2286 1181 2350 per
1202 2263 1267 2328 tria
1288 2263 1356 2329 fere
1380 2286 1452 2330 sae-

125 2383 199 2447 cula
211 2381 383 2468 neglectae
400 2387 432 2445 et
446 2387 575 2444 tantum
592 2402 659 2444 non
675 2379 851 2444 derelictae
867 2379 999 2466 publice
1011 2377 1143 2464 prodire
1155 2379 1338 2463 inciperent
1352 2401 1452 2464 opera

125 2519 250 2578 corum,
275 2518 358 2581 quos
381 2493 563 2560 Academia
586 2493 806 2562 Scientiarnm
823 2493 1047 2559 Berolinensis
1071 2494 1101 2558 ei
1123 2493 1258 2581 negotio
1282 2494 1452 2578 praefecit,

126 2611 282 2676 collectae
310 2609 502 2698 recognitae
532 2617 750 2696 expurgatae,
780 2608 887 2674 eidem
909 2607 1110 2674 Academiae
1138 2609 1245 2674 visum
1275 2617 1326 2673 est
1354 2631 1453 2694 quam

123 2727 266 2812 primum
290 2747 402 2789 curam
426 2746 536 2811 agere,
558 2731 597 2787 ut
619 2733 736 2808 postea
757 2731 907 2810 repertae
929 2723 1009 2788 item
1031 2731 1305 2808 componerentur
1321 2723 1454 2808 supple-

125 2849 376 2923 mentorumquc
399 2837 554 2924 deinceps
574 2837 776 2903 edendorum
791 2849 960 2924 tamquam
977 2838 1139 2924 quaedam
1157 2837 1372 2902 fundamenta
1389 2846 1454 2903 sta-

125 2955 187 3018 tim
209 2953 403 3018 iacerentur.
448 2951 536 3016 Nam
558 2961 596 3016 ut
620 2953 650 3017 ei
673 2953 730 3038 qui
754 2953 887 3018 domum
912 2953 1098 3018 aedificavit
1119 2953 1198 3017 item
1221 2951 1391 3034 incumbit,
1417 2962 1455 3017 ut

126 3069 215 3133 iusto
239 3076 386 3152 tempore
408 3067 570 3132 instauret
594 3090 665 3132 eam
689 3074 723 3132 et
744 3067 883 3151 reficiat,
905 3068 953 3132 ita
976 3069 1033 3153 qui
1056 3067 1217 3132 eiusmodi
1239 3089 1360 3152 corpus
1377 3089 1454 3132 con·

126 3183 221 3264 dunt,
244 3182 411 3269 ingentem
434 3181 580 3247 laborem
603 3181 710 3266 perire
734 3182 845 3247 sinunt
870 3190 902 3247 et
925 3181 1015 3267 quod
1037 3183 1160 3247 factum
1177 3190 1227 3248 est
1242 3204 1357 3248 rursus
1373 3205 1456 3267 quo-

126 3295 303 3362 dammodo
331 3297 488 3361 infectum
515 3295 675 3378 reddunt,
705 3296 733 3360 si
761 3319 833 3362 eam
861 3318 973 3362 curam
1001 3305 1163 3392 tempore⁴
1178 3297 1265 3362 finiri
1286 3297 1457 3383 patiuntur

126 3435 187 3478 sua
220 3419 339 3476 natura
369 3418 562 3498 perpetuam
594 3433 702 3496 neque
733 3410 931 3500 intellegunt
960 3434 1044 3496 opus
1075 3435 1147 3476 esse
1176 3419 1308 3498 praeter
1336 3431 1456 3496 corpus

104 3528 235 3614 ipsum
263 3525 494 3590 additamentis
523 3524 565 3590 ad
592 3524 627 3590 id
655 3525 830 3591 continuis.
877 3525 972 3590 Haec
1001 3525 1087 3589 enim
1115 3532 1166 3590 est
1189 3524 1307 3589 horum
1331 3525 1456 3590 studio-

125 3665 199 3706 rum
228 3639 394 3722 condicio,
425 3648 464 3704 ut
491 3663 574 3725 quae
604 3639 750 3724 quotidie
782 3638 982 3704 effodiuntur
1009 3647 1077 3704 tam
1099 3639 1139 3727 in¹
1156 3638 1254 3704 Italia
1276 3662 1374 3724 quam
1397 3661 1458 3724 per

125 3755 255 3842 imperii
277 3754 417 3820 Romani
446 3753 536 3840 quod
563 3755 625 3819 fuit
651 3755 857 3840 provincias,
886 3777 925 3820 ea
956 3754 984 3821 si
1014 3753 1145 3840 quidem
1169 3754 1281 3819 statim
1305 3753 1456 3835 eduntur,

125 3871 315 3936 inserantur
339 3868 603 3956 ephemeridibus
627 3869 836 3954 potissimum
860 3877 893 3935 et
916 3868 1157 3936 academiarum
1177 3869 1337 3935 maiorum
1352 3869 1457 3934 mino-

126 4009 241 4051 rumve
270 3985 352 4051 actis
381 3993 414 4070 et
441 3977 563 4049 libellis
590 3982 624 4046 in
647 3983 893 4071 municipalium
916 3985 1027 4072 potius
1053 3993 1086 4050 et
1109 3985 1359 4070 provincialium
1383 4007 1458 4072 gra-

126 4101 207 4165 tiam
239 4122 338 4184 quam
369 4098 571 4164 eruditorum
602 4098 746 4162 omnium
775 4099 921 4184 scriptis,
952 4109 1124 4186 praeterea
1151 4100 1256 4164 multa
1280 4123 1392 4164 eorum
1416 4122 1457 4163 ne

125 4214 291 4299 prodeant
316 4213 459 4298 quidem,
484 4235 559 4278 cum
582 4213 714 4278 occasio
738 4211 857 4278 edendi
880 4213 1023 4278 deficiat.
1069 4215 1123 4279 Ita
1146 4214 1195 4295 fit,
1218 4221 1257 4277 ut
1280 4235 1365 4298 quae
1388 4213 1457 4277 fors
1485 4218 1497 4236 '

126 4329 249 4396 obtulit
270 4328 464 4414 plerumque
486 4336 690 4414 post·annos
715 4325 844 4390 demum
868 4327 908 4392 iis
930 4329 1139 4393 innotescant
1155 4349 1294 4412 quorum
1309 4327 1457 4390 interest.-

127 4443 217 4511 Sane
248 4442 305 4526 qui
332 4443 366 4506 in
395 4442 447 4508 his
476 4442 593 4508 studiis
624 4463 758 4526 operam
787 4442 901 4526 posuit
930 4443 958 4507 si
988 4442 1167 4528 cogitabit,
1197 4464 1262 4526 qua
1288 4440 1457 4506 molitione
1519 4499 1522 4506 ,

126 4581 213 4648 opus
239 4558 325 4623 foret
349 4557 391 4622 ad
413 4557 665 4643 inscriptionum
693 4578 754 4640 per
781 4555 842 4622 hos
874 4556 988 4621 decem
1016 4579 1120 4622 annos
1147 4555 1316 4642 proximos
1344 4555 1459 4620 inven-

125 4682 236 4742 tarum
259 4672 379 4736 iustam
402 4672 554 4737 notitiam
579 4669 851 4755 comparandam,
879 4693 946 4736 non
970 4671 1119 4757 negabit,
1142 4671 1207 4737 nisi
1231 4693 1309 4736 cura
1332 4669 1458 4752 eadem,

126 4811 194 4873 qua
224 4786 267 4852 ad
296 4809 416 4873 corpus
444 4786 696 4872 inscriptionum
719 4785 915 4852 Latinarum
942 4783 1076 4872 tandem
1108 4785 1285 4872 aliquando
1308 4787 1459 4871 perveni-

125 4924 214 4983 mus,
236 4909 315 4986 post
337 4900 373 4966 id
396 4901 585 4968 absolutum
609 4910 742 4968 strenue
766 4901 987 4983 continuetur,
1009 4909 1087 4987 post
1110 4901 1192 4968 alios
1217 4900 1331 4968 decem
1355 4922 1459 4966 annos

126 5017 163 5086 in
185 5015 456 5102 inscriptionibus
481 5015 538 5102 qui
561 5009 731 5084 elaborent
754 5038 867 5082 rursus
891 5015 1075 5082 nesciturus
1099 5039 1183 5100 esse,
1205 5017 1460 5084 instrumentum

127 5131 354 5198 necessarium
378 5131 465 5197 unde
490 5140 631 5199 sumant.

1168 5193 1255 5300 '1⁴
