3620 6080
615 633 664 684 on
684 633 829 687 rrrvnrs
848 633 1004 688 Arrrors.
1398 617 1471 691 243

147 808 263 867 viratus
288 804 448 864 monetalis
482 803 659 879 significatio
685 803 774 862 facile
805 805 991 880 agnoscitur,
1025 808 1079 866 sed
1109 810 1141 867 in
1166 809 1293 886 singulis
1319 811 1473 872 vocabulis

146 905 343 968 restituendis
365 905 467 980 eliqua
488 905 649 962 difficultas
677 911 737 975 est,
764 906 938 980 praesertim
966 926 1032 973 cunr
1058 907 1137 967 tituli
1158 911 1210 968 alii
1233 910 1343 972 Graeci
1363 913 1395 972 in
1416 915 1474 974 huo

146 1027 180 1067 re
206 1007 257 1067 vel
281 1008 413 1066 maxime
439 1007 570 1078 varient,
601 1004 777 1064 Latinorum
803 1013 901 1064 autem
930 1009 1125 1083 plurimorum
1151 1020 1274 1088 propter
1298 1015 1474 1090 compendia

148 1107 317 1186 scripturae
337 1127 367 1167 A.
382 1127 411 1166 Α.
427 1124 457 1165 s.
471 1123 496 1165 r.
512 1123 537 1165 r.
559 1107 621 1165 fere
643 1112 814 1165 constanter
836 1106 969 1166 adhibita
990 1109 1089 1168 nullus
1111 1127 1184 1174 usus
1207 1113 1255 1172 sit.
1297 1115 1334 1172 Id
1354 1115 1473 1191 quidem

148 1209 279 1268 dubitari
300 1227 360 1267 non
374 1215 474 1285 potest
489 1208 579 1282 spatii
599 1207 765 1266 rationibus
787 1207 944 1283 diligenter
956 1211 1123 1284 perpensis,
1145 1213 1217 1287 quin
1232 1217 1350 1295 χρυσοῦ
1369 1218 1474 1278 ultimo

147 1311 215 1370 loco
237 1329 276 1369 ex
298 1310 394 1369 tribus
416 1309 606 1367 metallorum
627 1309 783 1367 vocabulis
799 1308 931 1383 positum
952 1310 1051 1369 fuerit.
1083 1313 1185 1388 Atque
1206 1317 1474 1396 omnino-uterque

148 1412 223 1470 ordo
245 1412 277 1468 in
297 1429 356 1469 usu
376 1411 471 1470 fuisse
493 1410 621 1480 videtur,
642 1410 686 1467 ita
706 1418 739 1468 ut
760 1417 812 1468 aut
833 1429 852 1468 a
872 1410 1021 1470 vilissimo
1043 1413 1081 1470 ad
1102 1414 1352 1490 pretiosissimum
1374 1437 1474 1480 escen·

148 1513 278 1584 deretur,
293 1521 345 1570 aut
357 1512 422 1569 vice
436 1507 525 1569 rersu
538 1511 576 1568 ab
591 1511 647 1568 hoc
661 1511 700 1568 ad
713 1510 789 1567 illud
804 1511 1040 1570 descenderetur.
1064 1512 1177 1573 Contra
1190 1535 1251 1574 non
1264 1525 1337 1594 puto
1350 1520 1476 1582 licuisse

149 1632 199 1672 aet
221 1620 274 1671 aut
294 1631 397 1672 aarum
417 1612 515 1670 medio
535 1613 603 1670 loeo
624 1610 781 1688 ponere1).
814 1611 916 1686 Atque
935 1613 1014 1672 idem
1029 1615 1149 1689 quidem
1164 1618 1247 1688 ordo,
1269 1637 1358 1695 quem
1371 1631 1477 1683 nostra

148 1713 307 1789 inscriptio
321 1714 419 1786 habet,
443 1719 488 1772 est
508 1712 540 1770 in
560 1712 646 1770 titulo
662 1710 763 1772 Samio
783 1712 862 1786 apud
876 1713 1130 1790 Waddingtonum
1145 1716 1249 1778 Foetes
1264 1722 1313 1779 dee
1322 1726 1476 1797 provinces

148 1813 317 1891 Asiuliques
343 1817 377 1873 de
399 1813 526 1890 l’cmpirc
545 1815 669 1872 Romaiu
694 1831 724 1888 p.
747 1813 804 1871 195
829 1814 909 1894 τριῶν
931 1808 1038 1895 ἀνδρῶν
1059 1819 1181 1891 χαλκοῦ
1205 1810 1328 1903 ἀργύρου
1357 1828 1476 1906 qpceoo

150 1907 439 1999 χαρακτηριάσαννος
460 1924 491 1974 et
516 1914 597 1992 apud
619 1913 793 1974 Ciceronem
815 1913 852 1972 de
872 1913 930 1989 leg.
953 1914 982 1987 3,
1005 1916 1034 1988 3,
1058 1918 1074 1974 7
1103 1931 1321 1996 reserpentem
1341 1942 1477 1984 aurumve

145 2017 260 2093 publice
281 2021 413 2092 sipnonto
435 2024 465 2075 et
484 2015 683 2090 Pomponium
707 2014 777 2093 Dig.
802 2015 829 2086 1,
852 2013 882 2086 2,
904 2013 933 2086 2,
956 2015 1005 2073 30.
1048 2016 1194 2078 Inversns
1216 2021 1291 2079 ordo
1313 2031 1358 2082 est
1378 2025 1411 2085 in
1430 2026 1476 2086 in-

148 2117 313 2195 scriptione
333 2119 435 2176 Attica
455 2116 491 2176 L.
508 2115 615 2188 Silani,
636 2116 673 2174 de
694 2133 754 2191 qua
771 2115 975 2174 Mommsenns
997 2120 1138 2193 exposuit
1159 2138 1251 2196 supra
1270 2143 1300 2200 p.
1317 2123 1370 2182 63:
1397 2129 1477 2209 τριῶν

149 2212 284 2301 [ἀνδρῶν]
304 2218 511 2294 saturasse]sz
532 2217 677 2298 χρ[υ]τοῦ
696 2207 744 2273 καὶ
765 2206 890 2298 ἀργύρου
914 2205 973 2290 [καὶ
988 2217 1143 2294 quippi,
1164 2229 1193 2280 et
1206 2223 1238 2280 in
1252 2224 1347 2284 titulis
1358 2226 1477 2286 Latinis

149 2319 231 2398 apud
255 2319 499 2380 Orelli-Henzen
527 2317 617 2377 6502.
638 2312 764 2392 69152).
810 2315 924 2375 Contra
944 2317 1017 2376 ordo
1040 2339 1058 2377 a
1076 2317 1221 2382 Cicerone
1241 2325 1417 2386 observatus
1439 2329 1478 2386 ad

148 2421 220 2480 fam.
246 2419 275 2493 7,
300 2420 337 2478 18
359 2439 432 2479 curo
454 2439 519 2478 acre
539 2428 657 2495 arpenta
682 2419 793 2476 nullius
815 2418 894 2476 tituli
914 2418 1084 2477 testimonio
1104 2422 1249 2497 firmatur,
1276 2433 1311 2484 ut
1337 2435 1389 2485 aut
1409 2445 1477 2487 cum

148 2523 338 2581 Mommseno
364 2522 413 2579 hio
437 2521 521 2580 locus
549 2540 589 2579 ex
614 2520 667 2578 illo
692 2521 744 2596 qui
771 2526 818 2578 est
838 2519 976 2578 inlibris
999 2521 1036 2578 de
1060 2521 1177 2598 legibus
1197 2526 1405 2588 'emendandus
1427 2539 1480 2589 aut

148 2623 340 2700 neglegentia
371 2622 519 2681 sermonis
552 2622 748 2697 epistolarum
781 2621 953 2680 excusanda
988 2623 1036 2680 sit.
1089 2623 1255 2684 Difficilius
1291 2637 1390 2687 autem
1422 2631 1481 2690 erit

148 2725 325 2796 diiudicare,
352 2723 423 2799 quid
446 2730 518 2800 post
542 2725 659 2805 χρυσοῦ
683 2723 827 2799 scriptum
854 2721 957 2793 fuerit3
984 2729 1073 2798 atque
1099 2725 1171 2784 alibi
1197 2727 1315 2802 quidem
1340 2729 1371 2787 id
1397 2731 1480 2806 quod

149 2835 199 2885 est
222 2825 330 2884 Latine
350 2825 451 2898 flando
470 2825 621 2900 fecundo,
653 2821 769 2882 Graece
794 2842 851 2881 uno
878 2823 1024 2882 vocabulo
1050 2826 1240 2901 exprimitur,
1268 2837 1301 2886 ut
1326 2829 1358 2887 in
1383 2827 1480 2890 Silani

149 2927 241 2985 titulo
262 2927 365 2984 Attico
387 2925 576 2984 substantivo
597 2925 793 2995 κατασκευῆς,
822 2923 854 2981 in
875 2921 976 2983 Samio
1003 2927 1161 3002 participio
1183 2920 1480 3012 χαρακτηρινῖταντος,

150 3027 282 3106 permiro
304 3044 375 3084 sane
398 3035 428 3083 et
453 3026 574 3084 omnino
601 3025 731 3084 soloeo0.
776 3022 866 3097 Quod
893 3043 984 3100 quum
1010 3043 1085 3084 usus
1112 3019 1304 3086 nummorum'
1314 3033 1481 3105 floridorum

151 3127 326 3187 iamdudum
348 3127 478 3186 abolitus
501 3134 596 3197 esset,
625 3125 792 3183 mirandum
818 3143 878 3182 non
905 3134 975 3189 est..
1012 3125 1126 3190 Tamen
1152 3127 1184 3184 in
1208 3137 1312 3186 nostro
1338 3131 1424 3188 titulo
1449 3133 1481 3191 id

150 3230 248 3288 fuisse
268 3246 328 3288 non
349 3235 458 3305 potest,
480 3245 572 3302 quum
592 3231 670 3284 inter
693 3229 837 3282 ΕΥΣΕΩΣ
859 3233 890 3283 et
912 3225 1160 3299 Χ[Ε]ΙΛΙΑΡΧΟΝ
1184 3228 1285 3286 decem
1307 3238 1359 3288 aut
1379 3231 1480 3308 plures

152 3331 257 3389 literas
284 3330 411 3406 periisse
439 3328 545 3386 ceteris
572 3327 707 3385 versibus
734 3325 914 3400 comparatis
940 3332 1053 3399 pateat3
1081 3343 1157 3402 quas
1183 3327 1287 3388 literas
1314 3329 1352 3388 ad
1377 3331 1481 3390 trium·

152 3402 269 3490 viratus
284 3429 441 3488 monetalis
456 3427 704 3506 significationem
718 3427 809 3485 etiam
823 3425 1003 3500 pertinuisse
1017 3433 1108 3502 patet.
1139 3427 1246 3503 Itaque
1260 3430 1319 3487 duo
1333 3432 1483 3492 vocabula

154 3533 270 3609 scripta
290 3531 385 3589 fuisse
406 3530 471 3588 veri
492 3529 677 3587 simillimum
699 3535 754 3598 est,
780 3544 906 3602 quorum
927 3526 1012 3602 prius
1038 3527 1070 3584 in
1091 3517 1210 3588 -εύσεως
1231 3530 1335 3590 exiret.
1379 3533 1482 3609 Atque

153 3655 190 3695 ea
211 3633 330 3711 quidem
346 3631 418 3706 quin
440 3637 469 3687 et
484 3629 700 3708 significatione
719 3635 749 3685 et
767 3627 871 3685 ordine
885 3626 1095 3702 responderint
1108 3627 1225 3688 Latinis
1232 3632 1481 3706 flondojeriuodo

154 3755 191 3795 eo
213 3735 312 3793 minus
333 3731 445 3803 dubito,
467 3732 538 3806 quia
555 3731 670 3788 frustra
689 3727 873 3805 quaesiveris
894 3729 1016 3786 verbum
1033 3726 1181 3787 Graecum
1202 3731 1234 3789 in
1255 3725 1321 3788 -εόω
1342 3733 1392 3792 vel
1414 3735 1482 3793 sub·

154 3837 318 3897 stantivum
338 3834 370 3892 in
391 3854 494 3905 -ενσις,
521 3831 602 3908 quod
622 3829 733 3889 Latino
748 3832 842 3906 ferire
861 3829 1054 3907 respondeat,
1083 3848 1149 3888 oum
1170 3831 1202 3889 in
1215 3835 1313 3908 flendi
1334 3834 1483 3912 significa·

154 3940 237 3998 tione
265 3937 407 3994 usitatum
435 3934 476 3992 sit
502 3921 684 4008 σνγχωνεύω
712 3931 760 3990 vel
785 3920 993 4008 καταχωνεύω.
1046 3930 1159 3989 Verum
1188 3933 1308 4008 quidem
1335 3943 1395 4009 est,
1424 3937 1484 3996 hoo

154 4056 217 4098 non
242 4042 381 4095 accurate
408 4034 590 4111 respondere
619 4033 784 4091 sententiae
809 4032 947 4090 vocabuli
967 4031 1080 4104 Latini,
1106 4051 1175 4090 nam
1201 4033 1232 4090 in
1259 4035 1484 4096 triumvirorum

153 4137 351 4199 monetaliur’n
373 4135 589 4213 significatione
613 4133 794 4192 vocabulum
811 4133 910 4208 flandi
935 4133 974 4191 ad
998 4134 1129 4210 priscum
1156 4153 1268 4192 morem
1295 4153 1483 4196 nummorum

153 4237 397 4299 fabricandorum
424 4236 529 4296 referri
555 4235 619 4294 sine
641 4235 731 4293 dubio
752 4242 832 4293 recte
853 4234 1058 4293 Mommsenus
1079 4234 1237 4293 ildiris.
1269 4236 1313 4293 At
1333 4233 1484 4296 Graecum

155 4330 359 4418 συγχωνεύειν
383 4339 432 4397 vel
457 4327 674 4414 καταχωνεύειν
703 4354 764 4394 non
790 4344 851 4393 tam
880 4335 980 4394 flando
1005 4335 1123 4395 efficere
1142 4355 1296 4394 nummum
1318 4343 1371 4395 aut
1391 4337 1484 4396 artifi-

156 4442 237 4500 cium
258 4439 392 4516 aliquod,
414 4457 503 4515 quum
525 4458 541 4497 a
564 4437 714 4496 contrario
737 4438 876 4509 conflare,
897 4436 918 4495 i.
934 4455 959 4495 e.
981 4436 1082 4496 flando
1103 4437 1203 4496 delere
1224 4437 1379 4514 significat.
1424 4435 1486 4498 Sed

155 4541 320 4602 tenendum
345 4547 407 4613 est,
432 4539 530 4617 ipsius
555 4541 600 4598 rei
626 4555 714 4597 usum
740 4537 944 4614 compluribus
970 4538 1100 4598 saeculis
1122 4547 1210 4597 antea
1231 4537 1311 4614 apud
1331 4537 1485 4600 Romanos

403 4699 416 4727 ὑ

156 4762 363 4776 *ιι-υ·-

237 4881 261 4946 ¹)
286 4885 328 4935 Ne
351 4897 400 4934 nos
423 4881 528 4948 quidem
553 4881 576 4932 si
600 4887 717 4933 aromate
736 4885 762 4930 et
784 4880 921 4945 diligenter
939 4879 1024 4931 dicere
1047 4880 1163 4931 volemus
1185 4878 1236 4931 hoc
1259 4879 1351 4932 ordine
1369 4887 1485 4934 utemurr

161 4974 250 5039 Gelai,
269 4971 380 5042 Kupser-
398 4973 452 5025 und
469 4971 645 5026 Silbernuinre.

237 5063 262 5128 ²)
289 5067 391 5116 Horum
420 5066 600 5130 exemplorum
622 5064 717 5115 Latina
742 5060 848 5112 exhibet
872 5057 1050 5114 Mommsenns
1072 5062 1140 5112 Hist.
1163 5062 1202 5112 rei
1225 5063 1386 5114 nummarius
1409 5062 1486 5115 Rom.

160 5173 188 5222 p.
207 5156 260 5208 366
280 5164 334 5207 not.
354 5159 379 5219 2,
400 5156 504 5210 Graeca
521 5155 619 5218 addidi,
643 5170 675 5205 ea
692 5155 853 5226 potissimum
873 5153 905 5202 de
924 5167 1002 5206 causa
1018 5161 1048 5204 ut
1065 5154 1252 5220 perspiceretur
1269 5154 1298 5206 in
1316 5152 1364 5208 leue
1383 5153 1486 5220 quiden

162 5261 191 5298 re
208 5262 284 5300 usnrn
303 5247 463 5301 Graecorum
480 5248 558 5313 plane
576 5247 719 5300 consentire
738 5261 796 5298 curn
813 5245 917 5296 Latino.
