3654 6072
566 627 615 678 on
631 627 843 682 cassandro
861 627 1091 680 caereorum.
1444 613 1489 686 91

159 819 284 879 praeses
317 799 491 876 provinciae
522 806 553 858 et
583 799 702 876 legatus
732 799 878 876 legionis,
910 800 1080 877 praefectus
1107 800 1242 878 Aegypti
1269 809 1300 860 et
1326 803 1494 880 praefectus

159 913 327 962 castrorum
348 901 526 972 referuntur,
551 907 585 960 ut
605 899 718 960 iamin
738 901 879 978 aegypto
900 909 1066 960 castrorum
1086 901 1268 978 praefectum
1289 903 1381 984 legati
1401 905 1493 984 legio·

161 1005 237 1064 narii
259 1005 328 1064 loco
349 1003 445 1062 fuisse
467 1008 593 1062 constet.
631 1001 680 1060 Es
700 1011 747 1061 est
767 1019 870 1074 eausa,
891 1002 996 1062 curin
1018 1003 1146 1062 consilio
1168 1003 1206 1062 ab
1227 1003 1408 1081 imperatore
1422 1005 1494 1066 Tito

162 1105 384 1182 Hierosolymis
415 1103 597 1180 expugnatis
629 1110 794 1162 convocato
824 1102 902 1162 inter
932 1095 1175 1186 κορυφαιοτάτους
1202 1106 1293 1164 duces
1319 1105 1495 1184 legatosque

161 1206 316 1282 legionum
342 1214 590 1264 commemoretur
610 1203 763 1264 Liternina
784 1201 907 1264 Fronto·
926 1195 1183 1287 στρατοπεδάρχης
1203 1207 1257 1263 reio
1278 1201 1328 1263 ἀπ’
1348 1201 1494 1289 Ἀλεξαν-

162 1297 256 1389 dpsirac
277 1296 330 1364 dds
352 1296 559 1382 ταγμάτωνῑ).

244 1407 312 1466 Iam
339 1407 477 1466 attendas
504 1405 596 1466 velim
622 1406 720 1482 ipsam
745 1424 807 1482 qua
833 1405 1003 1482 praefectus
1029 1414 1197 1467 castrorum
1221 1407 1253 1467 ia
1279 1409 1376 1470 titulis
1403 1428 1496 1486 supra

161 1506 329 1584 propositis
354 1515 474 1568 notetur
499 1506 657 1568 rationem.
698 1507 839 1568 Invenies
864 1507 944 1566 enim
970 1526 1039 1568 eum
1064 1507 1155 1566 modo
1177 1509 1361 1586 praesectum
1382 1519 1494 1571 caeno·

161 1628 228 1668 rum
255 1608 417 1685 appellari,
444 1607 505 1668 alia
530 1617 603 1666 nota
627 1607 747 1668 adiecta
767 1605 1376 1689 11111111(ο.7.8.9.11.12.13.38)’),
1402 1614 1494 1672 modo

161 1710 347 1785 praelectum
368 1715 534 1768 castrorum
555 1709 684 1786 legionis
706 1708 832 1768 alicuius
854 1707 898 1784 (n.
912 1710 964 1768 10.
980 1708 1030 1768 25.
1047 1708 1096 1768 26.
1113 1707 1162 1768 27.
1179 1709 1228 1772 29.
1245 1713 1294 1772 30.
1311 1714 1360 1772 31.
1376 1714 1427 1776 32.
1443 1715 1493 1774 33.

163 1811 212 1868 34.
236 1809 287 1868 37.
308 1809 374 1885 47)
422 1807 483 1883 Qui
509 1817 610 1868 autem
635 1810 716 1868 norit
742 1817 885 1870 constans
913 1809 972 1870 sibi
998 1811 1179 1888 omninoque
1203 1812 1298 1872 fixum
1324 1813 1496 1890 inscriptio·

162 1929 233 1968 num
254 1909 415 1970 latinarum
435 1911 553 1970 dicendi
574 1928 680 1987 genus,
701 1911 729 1970 is
750 1911 809 1970 hoc
830 1910 989 1972 discrimen
1011 1928 1084 1970 sane
1105 1911 1192 1988 parvi
1213 1933 1274 1972 non
1288 1914 1387 1988 saciet,
1408 1935 1495 1992 prae·

162 2011 265 2070 sertim
299 2031 367 2072 cum
395 2011 504 2072 viderit
530 2013 698 2090 praefectos
728 2020 895 2072 castrorum
923 2011 1052 2088 legionis
1080 2011 1201 2071 nornine
1228 2024 1364 2074 carentes
1391 2035 1496 2077 omnes

162 2113 312 2187 pertinere
340 2113 380 2172 ad
408 2112 521 2172 saeculi
549 2112 639 2189 primi
667 2121 783 2188 partem
811 2113 958 2190 priorem,
990 2120 1095 2172 contra
1121 2114 1291 2188 praefectos
1319 2126 1494 2191 memorum,

161 2214 272 2288 quibus
299 2214 447 2272 adiciatur
472 2214 602 2292 legionis
623 2231 748 2284 nomen,
774 2231 878 2272 omnes
900 2231 969 2272 esse
991 2213 1102 2272 saeculi
1122 2215 1245 2274 meandi
1265 2227 1384 2291 praeter
1404 2218 1495 2278 unone

162 2313 199 2373 1..
221 2314 364 2374 Flavium
384 2315 535 2376 Iulianum
556 2315 599 2392 (n.
618 2315 681 2390 10),
703 2315 874 2374 coniectura
894 2333 913 2373 a
933 2314 1101 2393 Borghesio
1122 2317 1214 2376 aetati
1235 2314 1421 2378 Claudianae
1441 2321 1495 2380 tri·

161 2416 276 2474 butum.
318 2415 368 2476 Ex
389 2415 458 2493 ipso
480 2424 579 2476 auteur
600 2417 753 2478 titulorum
773 2415 895 2475 illorum
917 2415 1025 2475 aetatis
1046 2415 1219 2476 discrimine
1239 2419 1400 2478 notationis
1422 2439 1495 2498 qno-

161 2535 222 2592 que
244 2515 407 2578 diserimen
428 2518 558 2578 tortasse
580 2519 648 2595 quis
664 2517 810 2593 explicet3
833 2525 881 2576 est
894 2515 973 2574 enim
988 2517 1188 2590 notissimum,
1210 2519 1309 2580 solere
1321 2520 1385 2580 fere
1398 2529 1496 2582 aetate

162 2617 334 2694 antiquiore
353 2619 385 2677 in
405 2619 513 2696 legatis
535 2619 696 2696 praelectis
719 2618 848 2678 tribunis
869 2617 1066 2694 praetermitti
1088 2618 1258 2694 copiarum,
1279 2621 1388 2697 quibos
1408 2641 1495 2700 prae·

161 2719 282 2792 fuerint,
304 2721 435 2780 nomina.
471 2719 507 2778 Id
521 2720 573 2796 qui
587 2720 700 2792 feeerit,
715 2727 795 2779 recte
808 2718 957 2778 feceritin
970 2719 1066 2779 titulis
1087 2739 1117 2778 11.
1134 2721 1162 2778 7.
1178 2721 1208 2780 9.
1226 2722 1273 2780 11.
1293 2723 1340 2782 13.
1355 2723 1407 2794 38,
1428 2743 1495 2784 cum
1592 2774 1598 2779 .

162 2821 193 2878 in
218 2820 258 2880 iis
282 2840 322 2880 ne
347 2822 471 2898 reliquis
497 2821 618 2898 quidem
643 2820 751 2880 officiis
772 2819 901 2899 legionis
921 2829 994 2879 nota
1014 2820 1158 2896 addetum
1184 2829 1216 2880 at
1237 2840 1394 2900 perperam
1414 2825 1495 2885 idern

162 2923 199 2980 de
225 2923 325 2988 titulis
350 2923 415 2984 n.8
435 2931 466 2982 et
487 2923 524 2981 12
547 2921 719 2982 contendet:
746 2940 816 2980 nam
840 2921 872 2980 in
893 2921 958 2982 n.8
980 2922 1096 2982 duobus
1121 2922 1339 2998 tribunatibus,
1361 2945 1390 2984 n.
1406 2925 1443 2984 12
1464 2935 1496 2988 et

161 3024 385 3083 centurionatui
406 3033 436 3084 et
456 3024 622 3083 tribunatui
642 3023 771 3100 legionis
792 3041 901 3082 nomen
922 3023 1103 3102 adiungitur.

247 3123 360 3184 Veram
381 3125 470 3185 huius
490 3124 535 3184 rei
556 3123 787 3202 explicationem
808 3143 845 3182 ea
865 3125 1074 3202 suppeditant,
1101 3143 1180 3201 quse
1202 3126 1240 3184 ab
1263 3128 1436 3188 auctoribus
1457 3129 1495 3188 de

162 3227 355 3302 praefectura
374 3235 542 3286 castrorum
564 3226 730 3286 traduntur.
766 3224 841 3283 Inde
863 3226 942 3284 enim
964 3227 1093 3302 primum
1114 3227 1173 3286 hoc
1188 3226 1321 3301 discitur,
1343 3229 1495 3306 haudqua-

161 3346 254 3403 quam
280 3327 441 3404 unicuique
466 3314 578 3406 legioni
605 3326 727 3386 saeculo
752 3326 851 3402 primo
876 3309 963 3386 suum
989 3326 1085 3386 fuisse
1110 3327 1296 3404 praefectum
1317 3336 1494 3403 emmenum,

163 3429 219 3490 sed
247 3428 375 3488 eundem
394 3447 494 3506 saepe
521 3427 626 3488 eodem
654 3434 789 3506 tempore
816 3427 952 3506 pluribus
977 3427 1160 3505 praefuisse3
1187 3429 1245 3488 hoc
1270 3429 1349 3489 enim
1377 3447 1496 3507 semper

163 3529 288 3602 accidit,
316 3531 343 3589 si
367 3530 475 3588 iisdem
497 3529 605 3588 castris
627 3528 687 3586 duo
709 3527 759 3588 vel
778 3527 879 3605 plures
901 3528 1035 3604 legiones
1056 3528 1250 3588 habebantur.
1293 3529 1342 3588 Ita
1362 3531 1394 3590 iu
1416 3532 1495 3590 sedi·

163 3631 246 3691 tione
264 3631 419 3708 legionum
432 3630 675 3690 Pannonicarum
696 3629 740 3706 (n.
756 3627 789 3704 6)
810 3628 944 3707 legiones
959 3628 1037 3688 Vlll
1050 3630 1230 3708 Angustam,
1251 3630 1300 3689 IX
1314 3630 1494 3708 Hispanam,

163 3730 225 3791 XV
247 3731 474 3810 Apollinarem,
501 3749 580 3808 quae
606 3731 714 3790 iisdem
741 3729 832 3788 simul
858 3731 967 3789 castris
994 3730 1118 3790 aestivis
1143 3731 1347 3803 habebantur,
1370 3733 1495 3794 Tacitus

163 3841 268 3893 narrat
288 3834 327 3892 ab
349 3833 443 3892 exitio
464 3831 555 3910 legati
576 3832 658 3891 hand
678 3831 804 3892 multum
826 3831 975 3890 abfuisse:
1006 3831 1132 3894 cidanea
1154 3841 1246 3892 tamea
1266 3852 1302 3892 uc
1319 3837 1495 3912 puerascere

242 4081 267 4143 ¹)
294 4081 337 4132 De
361 4097 468 4132 numero
489 4081 679 4146 praefectorum
699 4087 840 4131 castrorum
859 4079 974 4146 Aegypti
993 4080 1055 4146 qnid
1073 4082 1235 4131 stamendnm
1255 4083 1303 4143 sit,
1327 4097 1360 4132 ex
1379 4083 1411 4132 iis
1429 4097 1496 4148 qnae

165 4173 234 4222 infra
252 4173 401 4223 docebimus
421 4173 563 4238 apparebit.
600 4173 659 4234 Quo
681 4179 796 4237 tempore
815 4172 904 4222 titulus
922 4187 948 4222 n.
962 4173 998 4222 24
1016 4173 1115 4237 positus
1134 4178 1185 4234 cst,
1211 4172 1239 4222 in
1258 4171 1379 4236 Aegypto
1397 4180 1427 4222 ut
1444 4189 1496 4224 una

166 4264 233 4329 legio
258 4263 412 4329 singulaque
436 4271 520 4314 castra
541 4264 685 4329 legionaris
707 4263 745 4313 ita
766 4278 832 4313 unus
856 4271 997 4314 castrorum
1020 4263 1166 4328 praefactus
1190 4269 1245 4312 erat
1263 4263 1361 4313 scilicet
1378 4263 1495 4314 Alexan-

166 4355 271 4419 drinum
291 4357 375 4420 primo
394 4356 498 4406 saeculo
517 4371 569 4420 quo
588 4355 696 4406 diversis
714 4354 805 4404 castris
823 4355 968 4419 complures
984 4354 1021 4404 1111
1039 4354 1201 4404 habebantur
1212 4354 1326 4418 legiones
1345 4353 1449 4415 (strato
1462 4357 1495 4404 17

166 4462 191 4510 p.
206 4448 269 4498 797.
286 4448 339 4498 807
350 4446 382 4508 0)
401 4453 463 4512 quot
481 4451 568 4498 castra
585 4452 624 4496 tot
642 4445 765 4510 praelecti
784 4451 870 4508 erant;
889 4447 1010 4496 11111070
1030 4445 1087 4496 alne
1107 4445 1185 4496 dubio
1203 4444 1255 4494 duo
1275 4449 1362 4506 erant,
1387 4459 1496 4509 quorum

167 4538 232 4590 alter
259 4544 299 4588 est
316 4538 446 4590 Liternina
464 4538 576 4599 Fronto,
601 4537 763 4602 praepositus
785 4536 947 4587 vexillationi
971 4535 1102 4600 legionum
1120 4537 1163 4586 111
1181 4534 1340 4599 Cyrenaicae
1364 4541 1390 4585 et
1413 4535 1496 4586 XXII

167 4628 355 4681 Deiotarianae
372 4629 400 4679 in
418 4629 543 4680 Iudaeam
561 4629 654 4680 missae
672 4628 706 4678 cf.
724 4643 802 4694 supra
819 4643 846 4693 p.
860 4629 895 4678 84
903 4643 941 4694 sq.
961 4642 987 4678 u.
1001 4628 1046 4678 21.

244 4717 270 4781 ²)
299 4720 401 4770 Titulos
424 4736 450 4780 n.
465 4722 509 4772 22.
527 4721 571 4771 24.
591 4721 635 4770 28.
656 4719 700 4770 35.
721 4717 756 4769 46
780 4733 833 4769 non
857 4719 945 4780 citavi,
976 4733 1034 4768 cum
1058 4717 1085 4766 in
1108 4715 1157 4766 hac
1176 4715 1327 4781 quaestione
1344 4716 1450 4766 omnino
1468 4717 1496 4766 in

170 4811 307 4860 discrimen
326 4827 379 4862 non
398 4813 514 4874 veniant;
538 4812 566 4861 in
585 4811 660 4860 titulo
679 4827 705 4860 n.
719 4811 753 4858 22
773 4810 920 4860 Memnonis
939 4815 1038 4858 statuae
1057 4807 1183 4871 inscripto
1199 4813 1226 4856 et
1243 4806 1271 4856 in
1289 4807 1402 4856 carmine
1421 4823 1447 4858 n.
1461 4807 1496 4858 35

171 4903 196 4950 id
218 4909 336 4966 apertum
359 4909 410 4964 est,
436 4901 482 4952 sed
505 4902 534 4954 111
556 4902 637 4954 titulis
660 4916 761 4966 quoque
785 4917 811 4950 u.
830 4901 865 4951 48
890 4898 1086 4961 (cornicularius
1111 4894 1222 4948 doctrici
1245 4893 1353 4948 Proculi
1370 4897 1498 4964 praefecti

171 4993 318 5054 castrorum)
343 4999 369 5042 et
391 5009 417 5044 n.
432 4995 466 5043 28
492 4989 665 5059 (Nepet-ianua
684 4990 770 5059 praef.
795 4996 856 5040 cast.
876 5005 930 5040 cum
949 4985 1074 5038 Marcello
1093 4995 1139 5038 cet.
1153 4987 1221 5055 filiis
1239 4986 1382 5049 dedicavit)
1402 4990 1499 5040 omissa

171 5084 237 5148 legio
256 5083 323 5134 nihil
338 5083 447 5164 *beret
465 5084 628 5145 offensionls‚
653 5083 700 5132 etsi
719 5088 848 5133 constaret
864 5088 890 5130 et
908 5081 1046 5132 Proculum
1065 5085 1091 5129 et
1109 5079 1284 5145 Nepotianum
1302 5079 1406 5145 proprie
1422 5094 1497 5146 proe-

166 5173 249 5238 sectoa
272 5180 411 5226 coetrorum
436 5174 543 5242 legionis
565 5171 637 5225 illice
660 5174 743 5225 dictos
767 5173 854 5224 tuisse.
891 5171 947 5222 Nec
970 5171 998 5225 iu
1022 5187 1048 5222 n.
1062 5172 1099 5223 24
1122 5185 1154 5224 ex
1179 5186 1225 5221 usu
1246 5170 1410 5237 epigrapbico
1430 5170 1498 5234 legio

174 5265 341 5316 desideratur.
