3568 6070
635 609 684 661 na
704 609 851 665 nmvurs
869 609 1026 669 arrrcrs.
1418 612 1490 684 113

163 699 1489 743 m

162 772 320 832 honorarii
341 773 544 836 Romanorum
572 777 611 836 ad
636 779 772 840 homines
801 785 944 844 senatorii
971 787 1085 849 ordinis
1111 799 1247 868 spectant
1271 795 1408 874 inprimis
1427 820 1491 878 eos,

162 873 215 949 qni
235 875 408 950 provincias
429 877 712 939 administraverint.
757 879 872 942 Contra
892 903 970 961 quae
992 886 1106 950 Seneca
1126 910 1173 969 ep.
1189 893 1239 968 95,
1253 895 1293 954 42
1315 898 1352 958 de
1372 899 1410 960 P.
1430 901 1491 964 Oc-

157 974 245 1032 tavio
266 983 384 1049 namet,
406 978 444 1036 ab
465 997 501 1038 eo
522 980 666 1051 mullum,
688 999 778 1057 quem
799 983 941 1044 Tiberius
964 985 1078 1048 Caesar
1097 991 1130 1050 in
1150 995 1309 1056 macellum
1330 998 1440 1060 deferri
1460 1013 1491 1064 et

162 1075 265 1135 venire
285 1075 446 1150 iussisset,
463 1080 576 1156 ingenti
597 1081 694 1156 pretio
715 1089 827 1142 emtum
848 1102 926 1158 esse,
948 1087 1037 1148 etiam
1059 1090 1098 1148 ad
1118 1092 1204 1153 illum
1224 1098 1407 1170 praefectum
1427 1087 1489 1163 ‘Ac-

160 1175 246 1251 gypti
271 1176 376 1236 referri
403 1186 543 1254 possunt,
570 1183 748 1256 praesertIm
773 1202 842 1242 cum
868 1185 1015 1247 eiusmodi
1040 1189 1163 1252 luxurie
1187 1194 1372 1272 frequentior
1398 1203 1487 1264 etiarn

159 1275 191 1332 in
216 1275 324 1334 ordine
348 1279 481 1354 equestri
506 1298 598 1356 quam
623 1281 655 1340 in
681 1285 833 1342 senatorio
858 1285 954 1346 fuisse
978 1289 1125 1350 videatur.
1169 1291 1246 1354 Cum
1267 1315 1338 1358 vcro
1364 1307 1488 1378 uterque

159 1373 196 1433 P.
212 1375 359 1436 Octavius
380 1378 460 1438 idem
481 1397 548 1439 esse
569 1399 630 1440 uon
651 1384 757 1459 possit,
777 1384 854 1442 nihil
874 1386 1006 1463 impedit,
1028 1369 1186 1466 quomInus
1202 1395 1288 1454 illum
1302 1400 1486 1472 praefectum

158 1475 249 1535 buius
269 1479 459 1554 proconsulis
480 1489 596 1555 patrem
617 1481 712 1542 fuisse
731 1491 879 1561 putemus.
924 1487 1107 1564 Temporum
1127 1493 1259 1554 rationes
1279 1498 1349 1558 huic
1370 1501 1487 1563 coniec-

158 1583 244 1635 turae
269 1578 388 1650 favent3
415 1589 572 1656 practerea
596 1581 702 1641 titulus
718 1584 850 1646 Atticus
876 1585 1186 1652 demonstret-Publii
1213 1593 1333 1656 Octavii
1359 1619 1485 1676 procon-

158 1676 236 1735 sulis
256 1685 372 1754 patrem
393 1679 463 1738 item
486 1679 627 1740 Publium
646 1682 756 1756 fuisse,
778 1685 862 1744 cuius
884 1675 936 1744 rei‘
949 1705 985 1747 eo
1006 1689 1103 1750 maius
1123 1703 1304 1755 momentum
1325 1708 1381 1770 est,
1403 1691 1485 1778 qu'od

158 1776 216 1835 hoc
246 1797 428 1854 praenomen
455 1789 609 1858 praeterea
634 1781 666 1840 in
695 1783 752 1842 bac
779 1792 869 1862 gente
895 1787 1016 1846 omnino
1044 1807 1108 1850 non
1132 1792 1291 1868 invenitur.
1345 1797 1485 1880 Denique

156 1877 247 1936 etiarn
269 1879 352 1940 aliud
373 1880 412 1938 ad
432 1881 509 1939 hanc
529 1882 729 1942 coniecturam
750 1884 982 1946 confirmandam
1001 1888 1102 1948 velere
1122 1898 1211 1968 putor
1234 1894 1348 1956 Omnes
1371 1901 1485 1962 scilicet

158 1975 294 2054 Octavii,
323 1983 375 2058 qui
395 1967 507 2043 liberae
528 1982 712 2059 reipublicae
732 1991 865 2062 tempore
886 1987 924 2045 ad
945 1988 1140 2064 magistratus
1160 1993 1290 2054 maiores
1310 2015 1483 2074 pervenere,

155 2096 196 2136 ex
218 2077 275 2138 On.
299 2081 419 2142 Octavii
439 2083 525 2157 Rufi,
546 2084 716 2159 quaestoris
737 2103 817 2144 anno
832 2084 893 2144 230
908 2106 935 2146 a.
952 2085 1034 2160 Chr,
1054 2092 1196 2167 progenie
1217 2101 1286 2154 sunt
1307 2095 1483 2172 (Drumann

155 2178 559 2260 Hist.1t0m.1vp.218).
602 2184 705 2260 Atque
729 2186 852 2244 maioris
878 2187 998 2264 quidem
1019 2188 1088 2263 filii,
1116 2187 1171 2250 (ln.
1195 2191 1315 2255 Octavii
1333 2202 1483 2274 praetoris

157 2279 218 2339 205
233 2301 261 2341 a.
276 2281 348 2342 Obr.
371 2285 500 2360 posteri,
521 2285 575 2362 qui
594 2283 634 2342 ad
655 2303 788 2344 summos
809 2285 842 2344 in
862 2287 1016 2362 republica
1035 2289 1164 2350 honores
1184 2306 1399 2374 pervenerunt,
1420 2318 1483 2360 om·

153 2399 209 2440 nes
233 2392 287 2441 aut
311 2383 405 2443 Gnaei
424 2394 477 2444 aut
497 2385 598 2445 Marci
616 2403 799 2462 praenomen
819 2397 990 2462 gesserunt,
1017 2397 1137 2464 praeter
1157 2411 1248 2452 unum
1268 2393 1391 2458 Ιηιοίανη
1412 2418 1482 2459 con-

52 2557 56 2564 ,
154 2482 254 2542 sulem
275 2485 314 2543 75
331 2505 357 2544 a.
373 2483 444 2545 chr.
487 2485 614 2545 Minoris
635 2485 691 2544 lilii
712 2484 748 2545 O.
766 2485 886 2546 Octavii
906 2489 1064 2564 progenies
1085 2490 1116 2548 in
1137 2492 1242 2552 ordine
1262 2499 1394 2572 equestri
1414 2519 1483 2575 per·

153 2585 265 2643 mansit
286 2603 381 2663 usque
402 2586 441 2644 ad
456 2583 490 2645 C.
506 2585 666 2645 Octavium
684 2593 854 2663 praetorem
870 2587 907 2646 61
925 2606 953 2646 a.
970 2586 1053 2664 Chr,
1074 2591 1206 2667 Augusti
1219 2603 1351 2670 patrem3
1373 2599 1482 2674 quibus

154 2685 297 2744 omnibus
324 2704 507 2762 praenomen
530 2685 623 2746 Gaius
651 2705 807 2746 commune
834 2697 889 2747 est.
931 2689 1037 2766 Itaque
1058 2690 1090 2748 in
1110 2691 1166 2751 bac
1187 2695 1310 2772 antIqua
1330 2697 1484 2776 nobilique

153 2785 254 2860 gentis
276 2785 422 2846 Octaviae
448 2788 543 2862 stirpe
568 2787 684 2845 nullum
710 2787 768 2846 fuit
792 2807 974 2865 praenomen
1003 2789 1061 2848 nisi
1085 2789 1201 2852 Gnaeus
1222 2793 1362 2872 (sexies),
1390 2797 1484 2860 Gaius

154 2883 305 2962 (quater),
327 2887 448 2946 Murcus
470 2886 544 2962 (ter)
566 2893 596 2946 et
617 2887 711 2946 semel
731 2886 853 2947 Lucius.
895 2887 1010 2948 Contra
1030 2891 1119 2966 pauci
1138 2892 1183 2952 illi
1205 2893 1335 2968 Octavii,
1357 2899 1409 2973 qui
1429 2899 1483 2958 im·

153 2994 326 3062 peratorum
352 2995 450 3046 aetate
477 2987 607 3048 honores
633 2987 734 3064 adepti
762 2995 849 3060 sunt,
881 2989 942 3048 alia
968 2991 1164 3065 praenomina
1190 2994 1310 3054 habent.
1357 2995 1484 3058 Praeter

153 3087 289 3146 Bellium
322 3094 480 3164 utrumque
507 3088 555 3146 hic
582 3087 615 3146 iu
643 3105 764 3147 censum
791 3089 874 3148 venit
903 3089 1027 3159 Quintus
1056 3091 1200 3154 Octavius
1230 3092 1348 3174 Sagitta
1374 3106 1412 3157 tr.
1439 3100 1482 3176 pl.

154 3186 195 3246 58
214 3205 245 3263 p.
261 3185 349 3259 Chr.;
375 3206 463 3264 quem
485 3187 610 3246 Tacitus
636 3187 756 3264 quidem
778 3187 871 3263 (Ann.
891 3189 979 3262 XIII,
994 3190 1044 3249 44.
1066 3191 1146 3251 Hist.
1161 3193 1218 3267 IV,
1234 3195 1288 3271 44)
1310 3197 1376 3254 sine
1396 3215 1483 3273 prae·

153 3288 275 3346 nomine
295 3289 439 3362 nominat,
460 3289 535 3348 illud
556 3295 656 3348 autem
677 3305 858 3363 praenomen
880 3290 970 3348 estin
984 3290 1071 3350 titulo
1092 3291 1232 3368 (Henzen
1246 3295 1372 3371 eluta),
1393 3314 1482 3372 quem

153 3387 359 3465 Nipperdeius
381 3389 420 3446 ad
441 3409 508 3448 eum
529 3389 628 3448 locum
649 3382 787 3464 affert1).
826 3386 1002 3448 Ceterorum
1017 3389 1211 3452 Octaviorum
1233 3395 1286 3469 qui
1306 3395 1363 3452 hac
1384 3403 1482 3456 aetate

153 3488 275 3547 suerunt
296 3489 439 3548 senatorii
459 3489 583 3560 ordinIs,
605 3489 800 3564 praenomina
820 3497 892 3547 nota
909 3508 971 3548 non
985 3489 1094 3566 suntl)
1116 3490 1268 3567 (Octaviae
1282 3493 1393 3552 Fronto
1407 3495 1480 3555 Tac.

154 3607 223 3647 ann.
238 3589 282 3662 II,
298 3589 348 3648 33.
374 3588 510 3650 Octavius
530 3589 634 3648 Avitus
655 3588 736 3648 Plin.
758 3587 845 3666 epist.
861 3588 891 3660 9,
908 3587 957 3660 33,
973 3589 1023 3664 9).“
1061 3587 1146 3663 Quae
1166 3608 1233 3650 curn
1254 3593 1297 3651 ita
1318 3593 1388 3665 sint,
1409 3614 1482 3654 nuru

154 3689 244 3748 nimis
262 3687 368 3748 audax
390 3691 461 3761 sim,
488 3689 513 3748 si
535 3688 604 3748 inde
625 3689 765 3766 coIIIgam
786 3689 938 3764 antiquam
959 3688 1043 3747 illam
1064 3698 1153 3765 atque
1174 3691 1304 3750 nobilem
1325 3693 1481 3766 familiam,

155 3807 234 3867 quae
258 3789 372 3848 liberae
395 3789 578 3867 reipublicae
607 3798 740 3866 tempore
765 3789 881 3862 floruit,
907 3807 1034 3866 prorsus
1062 3791 1242 3851 exstinctam
1268 3810 1351 3864 esse,
1378 3793 1421 3852 ita
1448 3803 1482 3853 ut

153 3896 275 3968 praeter
302 3887 337 3949 0.
359 3888 519 3949 Octavium
545 3889 598 3966 qui
624 3887 785 3966 adoptione
810 3889 841 3947 in
868 3899 986 3968 gentem
1012 3889 1120 3949 Iuliam
1145 3892 1266 3952 transiit
1291 3896 1481 3973 Augustique

153 3997 260 4067 postea
284 4008 394 4049 nomen
418 3989 544 4067 adeptus
573 3998 633 4060 est,
659 3989 782 4050 ultimus
804 3989 892 4048 huius
914 3989 1017 4066 stirpis
1038 3990 1129 4048 fuerit
1148 3992 1190 4050 M.
1213 3983 1359 4070 Qctavius
1382 3992 1437 4054 Gn.
1459 3996 1479 4054 f.

151 4091 195 4149 Id.
218 4111 265 4162 n.,
290 4089 356 4148 aed.
378 4108 439 4149 cur.
467 4107 547 4149 anno
565 4089 606 4148 50
625 4107 653 4148 a.
669 4086 756 4161 chr,
782 4089 833 4165 qui
858 4109 937 4168 anno
959 4090 996 4148 31
1018 4108 1044 4148 a.
1061 4087 1132 4150 Chr.
1160 4093 1241 4168 apud
1260 4094 1382 4152 Actium
1402 4096 1482 4172 parti

154 4191 263 4251 classis
285 4190 412 4250 Antonii
437 4189 568 4267 praefuit
593 4188 770 4266 (Drumenn
790 4188 810 4246 l.
830 4189 850 4248 l.
872 4209 902 4267 p.
919 4187 1003 4268 226).
1031 4189 1110 4249 ⁴Eos
1134 4190 1225 4266 igitur
1245 4191 1402 4265 Octavios,
1428 4195 1481 4269 qui

153 4291 368 4368 imperatorum
394 4296 492 4350 aetate
517 4291 647 4348 honores
673 4287 774 4365 adepti
796 4297 878 4360 sunt,
904 4296 967 4349 tum
989 4289 1107 4349 demum
1129 4309 1168 4348 ex
1188 4290 1380 4351 inferioribus
1401 4293 1480 4352 ordi·

154 4393 244 4450 nibus
265 4391 298 4448 iu
320 4391 502 4450 senatorium
524 4390 658 4450 ordinem
679 4387 850 4448 escendisse
872 4396 1103 4449 consentaneum
1125 4397 1180 4449 est.
1216 4389 1284 4464 Quo
1305 4391 1404 4450 minus
1425 4391 1480 4449 mi·

154 4511 221 4550 rum
243 4498 304 4561 est,
332 4489 369 4548 P.
392 4488 552 4550 Octavium
573 4488 782 4571 proconsulem
802 4489 911 4566 equitis
932 4489 1062 4550 Romani
1082 4489 1176 4549 filium
1198 4506 1282 4563 csse,
1302 4491 1480 4567 praesertim

154 4642 361 4658 -——-

232 4751 258 4814 ¹)
287 4751 392 4802 Certum
411 4766 473 4802 sane
491 4767 544 4804 noa
562 4759 609 4815 est,
629 4759 713 4803 utrum
726 4753 770 4804 ille
782 4752 904 4804 Octavius
917 4752 1026 4817 Sagitta,
1045 4751 1089 4816 qui
1102 4752 1129 4800 in
1141 4751 1215 4801 titulo
1228 4757 1275 4813 est,
1294 4751 1364 4802 idem
1376 4752 1410 4801 sit
1422 4767 1480 4802 oum

156 4844 261 4893 tribuno
280 4841 364 4906 plebis
382 4856 430 4893 neo
448 4857 489 4894 ne.
521 4843 575 4910 Sed
593 4849 622 4892 ut
640 4858 693 4893 non
711 4844 745 4892 sit
762 4843 840 4904 idem,
860 4849 947 4892 tamen
965 4844 992 4892 in
1011 4856 1042 4892 ea
1059 4841 1159 4891 familia
1170 4842 1253 4906 gentis
1265 4841 1397 4904 Octaviae,
1417 4855 1481 4906 qnae

155 4935 274 5000 Sagittae
293 4945 437 4996 cognomen
453 4933 567 4998 gerebat,
586 4933 651 4984 illud
668 4946 834 4998 praenomen,
854 4946 870 4983 a
887 4932 1014 4982 veteribus
1027 4931 1140 4984 OctaviIs
1158 4931 1279 4996 alienum,
1298 4931 1378 4983 fnisse
1397 4945 1430 4982 ex
1449 4946 1481 4981 eo

157 5023 233 5074 titulo
252 5029 373 5087 apparet;
394 5023 463 5088 qnod
481 5023 577 5074 sufficit
595 5024 675 5074 adid
693 5023 762 5088 quod
781 5023 840 5073 volo
858 5022 1028 5086 probandum.
1467 5009 1470 5013 ’

114 5089 120 5108 ’
234 5110 260 5174 ⁹)
288 5113 322 5162 1n
340 5111 488 5164 bominibus
506 5113 657 5166 inferiorum
675 5113 795 5176 ordinum
814 5113 891 5164 etiam
910 5113 960 5164 alia
973 5113 1140 5178 praenomina
1151 5113 1324 5175 inveniuntur,
1342 5113 1411 5164 velut
1423 5107 1481 5162 Mo·

158 5203 216 5253 nius
234 5209 262 5254 et
280 5199 399 5255 Decimus
418 5201 464 5267 (II,
484 5204 538 5256 ind.
557 5220 577 5255 s.
597 5220 622 5256 v.
641 5201 781 5264 Octavius).

1238 5289 1257 5348 3
