3568 6070
541 653 707 704 nvunms
726 653 969 706 consumma.
1346 638 1415 708 195

99 826 149 883 107
175 843 213 882 an
243 824 302 884 108
330 825 478 886 tribuendi
506 834 608 884 essent
630 825 833 885 Mommsenus
860 825 1059 886 dubitaverat.
1102 827 1164 886 lam
1186 827 1353 890 videbimus
1379 828 1416 888 de

95 927 136 999 ils,
156 945 232 1002 quae
253 925 294 986 ad
314 926 520 986 consulatuum
541 937 659 1004 tempus
680 926 879 988 definiendum
901 927 1059 1004 pertinent.
1255 915 1261 930 ’

170 1025 355 1088 Consulatus
377 1029 408 1086 in
430 1029 518 1088 binos
540 1047 659 1089 menses
681 1049 700 1088 a
713 1028 845 1088 Traiano
867 1028 954 1088 datos
976 1046 1043 1088 esse
1064 1038 1095 1088 et
1115 1031 1153 1088 ab
1177 1050 1213 1089 ea
1232 1029 1301 1090 inde
1318 1039 1416 1092 aetate

96 1129 264 1188 consulatus
288 1129 445 1190 bimestres
466 1130 585 1191 initium
606 1131 723 1207 cepisse
738 1129 956 1189 Brembachius
978 1130 1093 1190 statuit.
1132 1131 1170 1189 lit
1191 1132 1228 1190 de
1249 1151 1329 1192 enno
1352 1133 1417 1210 qui-

95 1231 155 1288 dem
179 1230 238 1288 100
264 1239 345 1290 recte
372 1232 491 1292 videtur
516 1232 680 1305 iudicasse,
710 1250 777 1291 cum
805 1231 943 1290 eonsules
972 1232 1027 1308 qui
1053 1251 1090 1292 eo
1117 1251 1195 1292 anno
1223 1233 1322 1293 fasces
1351 1253 1417 1312 ges·

95 1331 164 1390 sisse
191 1331 332 1391 videntur
357 1351 465 1393 norem
494 1334 553 1392 alio
580 1333 669 1392 modo
697 1351 751 1408 per
778 1331 911 1390 nundina
937 1333 990 1391 vix
1016 1333 1136 1410 possint
1162 1334 1313 1394 distributi
1341 1354 1417 1398 esse.

95 1432 168 1492 Nam
189 1433 256 1510 ipse
277 1434 442 1510 imperator
462 1454 517 1512 per
537 1434 673 1493 nundina
693 1435 752 1492 duo
773 1435 872 1492 fasces
894 1434 1027 1505 retinuit,
1049 1433 1198 1494 adiunctis
1221 1435 1278 1496 sibi
1293 1437 1418 1514 collegis

95 1534 121 1592 in
144 1533 271 1594 alterum
295 1533 368 1596 Sex.
390 1535 469 1594 Iulio
490 1535 637 1596 Frontino
650 1535 716 1608 ΙΙΙ,
744 1535 776 1594 10
797 1535 937 1608 alterum,
965 1521 1146 1608 nt'videtur,
1168 1535 1418 1616 Vestricio'Spu·

95 1635 175 1693 rinna
187 1635 237 1694 Ill
261 1635 314 1712 (cf.
336 1637 505 1696 Mommsen
526 1637 556 1696 in
573 1636 705 1696 Hermae
727 1636 785 1696 rol.
803 1637 820 1695 3
843 1655 873 1712 p.
888 1635 939 1705 40,
955 1633 998 1710 2).
1034 1637 1138 1696 Mense
1160 1646 1260 1696 autem
1283 1635 1417 1715 Septem·

95 1737 135 1794 bri
156 1735 190 1796 C.
212 1736 348 1796 Plinium
371 1735 541 1816 Secundum
564 1747 594 1797 et
615 1737 650 1797 C.
672 1737 783 1796 Iulium
802 1735 968 1796 Cornutum
982 1736 1152 1798 Tertullum
1173 1740 1314 1799 consules
1334 1759 1419 1818 repe·

63 1882 68 1891 .
95 1837 179 1897 rimus
201 1837 305 1914 (Plin.
327 1855 434 1916 paneg.
456 1838 510 1910 92;
533 1839 569 1898 cl.
593 1839 761 1898 Brambach
783 1857 812 1914 p.
831 1839 869 1896 14
891 1846 921 1896 et
941 1838 1108 1896 Mommsen
1130 1839 1150 1897 l.
1165 1857 1190 1897 c.
1213 1860 1242 1916 p.
1260 1841 1326 1917 91),
1347 1841 1418 1900 item

95 1939 126 1996 L.
146 1939 290 1998 Roscium
312 1941 471 2000 Aelianum
497 1948 528 2000 et
548 1939 596 2000 Ti.
620 1939 780 1999 Claudium
802 1937 995 2000 Sacerdotem
1017 1955 1045 1998 a.
1067 1940 1095 1998 d.
1118 1940 1183 1998 1111
1204 1941 1418 2002 kalendasla

95 2041 207 2100 nuarias
229 2040 302 2116 (Or.
319 2041 403 2118 782).
440 2043 477 2100 In
499 2041 633 2100 nundina
651 2041 743 2118 igitur
764 2041 910 2100 triacum
932 2040 1071 2100 distribui
1092 2051 1242 2118 nequeant
1262 2043 1327 2101 eius
1349 2045 1420 2103 anni

96 2143 236 2215 consules,
259 2144 286 2201 si
310 2152 390 2202 recte
412 2144 540 2204 Acutius
555 2141 660 2202 Nerva
679 2143 757 2202 inter
778 2160 831 2201 eos
853 2150 1036 2228 recensetur,
1058 2163 1096 2202 ne
1118 2144 1148 2202 in
1170 2153 1332 2219 quaternos
1353 2145 1419 2222 qui·

95 2242 154 2301 dem
187 2262 310 2304 menses
339 2244 487 2323 designati
517 2263 584 2304 esse
612 2253 755 2322 possunt;
788 2244 891 2321 itaque
918 2243 1076 2302 ann0100
1104 2244 1238 2304 nundina
1265 2246 1420 2306 bimestris

95 2343 179 2402 inisse
203 2346 364 2422 probabile
390 2355 444 2405 est.
488 2348 532 2406 At
557 2355 667 2405 temere
693 2345 764 2404 inde
786 2345 1003 2404 Brambachius
1025 2346 1148 2424 collegit
1167 2347 1327 2406 bimestres
1348 2366 1419 2422 con-

96 2445 202 2505 sulatus
229 2467 248 2505 a
270 2447 406 2506 Traiano
433 2449 571 2526 coepisse
597 2455 628 2507 et
648 2447 686 2506 ab
707 2465 743 2507 eo
765 2447 834 2506 inde
855 2455 989 2524 tempore
1010 2447 1170 2519 mansisse,
1199 2467 1265 2508 cum
1287 2448 1420 2506 nundina
1525 2443 1532 2457 '

96 2545 241 2608 bimestris
270 2549 361 2608 etiam
384 2550 548 2621 anteriore,
576 2557 606 2608 et
634 2547 866 2625 quadrimestria
892 2555 922 2608 et
950 2549 1113 2608 trimestria
1139 2549 1228 2608 etiam
1254 2549 1419 2626 posteriore

96 2657 219 2726 tempore
240 2651 273 2709 in
297 2652 497 2710 monumentis
518 2657 794 2710 commemorentur.
1043 2725 1046 2730 Ι

169 2751 209 2810 Iit
230 2752 408 2812 consulatus
429 2751 548 2830 quidem
570 2751 804 2829 quadrimestres
818 2751 866 2810 vel
888 2752 945 2810 snb
961 2750 1094 2811 Traiano
1116 2751 1209 2810 fuisse
1230 2761 1421 2810 monumenta

96 2851 220 2912 indicant
241 2853 315 2912 anni
333 2851 401 2926 107,
428 2872 489 2930 quo
511 2850 548 2911 L.
570 2853 705 2912 Licinius
728 2851 807 2914 Sura
820 2853 883 2926 111,
911 2850 949 2926 Q.
973 2851 1082 2913 Sosius
1104 2851 1230 2913 Senecio
1248 2852 1280 2910 lI
1302 2853 1420 2911 ordina·

96 2953 151 3013 rios
170 2955 270 3015 fasces
293 2965 461 3032 gesserunt,
482 2955 621 3014 Minicius
644 2962 744 3014 antem
766 2953 930 3013 Fundanus
953 2961 983 3012 et
997 2953 1177 3014 Vettennius
1199 2953 1329 3016 Severus
1352 2973 1421 3014 con·

97 3056 171 3114 sales
192 3065 468 3117 commemorantur
488 3055 586 3134 pridie
606 3056 753 3116 kalendas
775 3056 868 3115 Iulias
891 3055 965 3130 (tab.
980 3056 1051 3115 hon.
1071 3057 1155 3115 miss.
1170 3056 1422 3133 weissenburg),

96 3157 225 3218 kalendis
252 3161 401 3237 Augustis
425 3159 494 3234 (VI,
511 3158 571 3216 630
587 3183 625 3208 ==
643 3156 696 3217 Or.
716 3158 821 3234 1588),
843 3157 939 3233 pridie
961 3157 1027 3216 idus
1043 3157 1205 3234 Augustas.
1223 3158 1345 3233 (Marini
1363 3157 1420 3218 129

98 3284 129 3308 =
146 3260 197 3320 Or.
213 3259 324 3338 2471).
367 3259 532 3320 Fundanus
555 3259 647 3336 igitur
668 3268 698 3317 et
720 3255 850 3318 Severus
872 3258 1026 3317 mensibus
1048 3259 1260 3330 10010,Ιυί10,
1283 3260 1421 3335 Augusto
1485 3300 1488 3305 -

96 3379 157 3420 cnm
180 3363 374 3422 consulatum
402 3361 564 3439 gesserint,
591 3361 643 3437 qui
671 3379 788 3420 menses
814 3359 956 3418 nundinis
982 3377 1079 3435 neque
1106 3360 1300 3418 semestribus
1326 3377 1422 3435 neque

97 3463 292 3523 trimestribus
319 3463 513 3536 conveniunt,
541 3468 645 3538 utpote
669 3480 746 3538 quae
767 3462 856 3520 finem
878 3460 1003 3519 nundini
1024 3460 1178 3537 requirent
1199 3461 1276 3535 prid.
1298 3462 1328 3520 k.
1350 3459 1421 3532 Inl.,

98 3567 327 3640 quadrimestres
349 3565 419 3623 euni
440 3565 522 3623 illius
545 3563 720 3623 consulatus
741 3561 835 3621 fuisse
856 3560 1015 3619 manifesto
1037 3568 1171 3638 apparet.
1210 3562 1300 3619 Anno
1322 3571 1421 3621 autem

100 3667 149 3724 101
173 3667 336 3726 trimestria
357 3666 489 3725 nundina
509 3665 639 3724 fuerunt.
676 3662 824 3724 Consules
846 3661 925 3722 enim
947 3661 1090 3720 ordinarii
1110 3681 1177 3720 cum
1200 3669 1302 3722 essent
1315 3663 1422 3722 Traia-

97 3787 149 3826 nus
168 3770 235 3829 1111
262 3777 292 3828 et
314 3767 351 3842 Q.
374 3768 559 3828 Articuleius
581 3767 708 3839 Paetus,
735 3765 818 3824 illius
844 3765 875 3822 in
901 3764 1000 3822 locum
1022 3782 1093 3822 mox
1114 3763 1257 3823 suffectus
1280 3773 1328 3822 est
1349 3763 1421 3826 Sex.

98 3871 194 3931 Attius
216 3869 407 3943 Suburanus,
436 3871 580 3946 quiante
601 3869 679 3927 diem
702 3867 777 3927 VIII
797 3865 943 3924 kalendas
964 3865 1084 3940 Apriles
1106 3884 1166 3924 una
1187 3885 1255 3924 cum
1276 3866 1370 3926 Paeto
1391 3867 1422 3925 in

98 3971 168 4030 actis
195 3973 356 4032 Arvalium
384 3979 643 4031 commemoratur.
691 3968 800 4044 Neque
828 3977 927 4026 tamen
955 3967 986 4026 hi
1015 3967 1094 4025 ultra
1121 3985 1254 4026 mensem
1282 3968 1422 4028 Martium¹

99 4073 205 4134 honore
226 4074 320 4132 functi
341 4081 425 4146 sunt,
455 4091 522 4132 eum
549 4078 618 4130 ante
646 4071 725 4130 diem
746 4069 791 4127 VI
818 4069 963 4128 kalendas
985 4068 1082 4127 Maias
1104 4065 1141 4140 Q.
1166 4066 1314 4130 Servaeus
1335 4070 1423 4128 Iuve-

98 4175 171 4234 110110
191 4183 221 4234 et
242 4175 283 4233 M.
299 4175 432 4233 Maecius
448 4172 538 4233 Celer
558 4173 696 4233 consules
718 4171 875 4230 laudentur
895 4171 1043 4230 mensium
1064 4169 1178 4228 scilicet
1198 4168 1323 4243 Aprilis,
1340 4169 1422 4239 Maii,

99 4276 182 4336 lunii.
231 4273 350 4350 Quibus
377 4275 482 4353 quiin
503 4293 621 4334 menses
642 4273 765 4344 Iulium,
787 4274 966 4350 Augustum,
989 4269 1192 4348 Septembrem
1214 4270 1423 4341 successerint,

99 4377 281 4454 ignoramus:
308 4397 362 4454 per
388 4395 506 4436 menses
531 4385 632 4436 autem
655 4374 831 4445 Octobrem,
852 4373 1068 4445 Nouembrem,
1089 4372 1285 4432 Decembrem
1308 4371 1343 4428 L.
1366 4373 1424 4430 Ar-

99 4480 211 4539 runtius
235 4478 331 4542 Stella
357 4486 386 4537 et
407 4478 443 4536 L.
465 4478 563 4537 lulius
586 4475 719 4535 Marinus
742 4473 892 4534 Caecilius
915 4473 1052 4551 Simplex
1073 4473 1211 4532 consules
1232 4473 1367 4543 luerunt,
1397 4472 1424 4530 si

100 4581 214 4654 quidem
240 4591 319 4641 recte
345 4581 416 4639 huic
443 4599 522 4639 enno
549 4577 688 4638 tribuitur
708 4576 811 4636 tabula
831 4581 1010 4652 patronatus
1032 4593 1051 4633 a
1070 4573 1312 4633 Ferentinatibus
1334 4574 1425 4632 Pom·

100 4682 185 4756 penio
208 4683 306 4742 Basso
327 4681 429 4741 oblata
451 4681 519 4757 (Or.
537 4680 596 4739 784
604 4700 612 4752 ;
640 4678 676 4738 ci.
703 4679 871 4737 Mommsen
892 4676 923 4735 in
945 4675 1078 4736 Hermae
1099 4675 1191 4736 vol.3
1215 4695 1244 4752 p.
1263 4673 1320 4733 123
1334 4673 1424 4751 seq).

102 4779 280 4842 Consularis
299 4784 391 4860 igitur
412 4781 545 4840 nundina
558 4781 692 4839 Traiano
713 4780 878 4854 imperante
899 4777 1090 4836 inveniuntur
1111 4785 1141 4834 et
1160 4776 1314 4836 bimestris
1329 4777 1425 4835 01111-

101 4885 221 4943 mestria
245 4894 275 4944 et
300 4883 544 4962 quadrimestria,
572 4891 602 4941 et
628 4901 664 4939 ne
690 4881 748 4938 hoc
772 4879 890 4956 quidem
914 4877 1031 4937 definiri
1053 4887 1166 4954 potest,
1195 4896 1343 4954 quaenam
1366 4877 1425 4936 sol·

102 4983 207 5044 lemnia
226 4987 346 5058 inerint,
372 5004 440 5044 eum
461 4983 498 5042 de
520 4983 594 5043 solis
615 4983 705 5044 trium
727 5001 831 5042 eorum
852 4998 1008 5052 annerum,
1031 4979 1146 5038 scilicet
1169 4977 1237 5038 100.
1262 4979 1331 5037 101.
1356 4978 1425 5050 107,

103 5085 238 5148 nundinis
258 5089 332 5146 satis
354 5087 476 5162 liqueat.

183 5187 263 5248 Idem
284 5188 345 5248 iere
367 5185 557 5247 statuendum
574 5187 611 5245 de
626 5186 751 5264 irnperio
766 5183 922 5244 Hadriani.
960 5180 1104 5256 Quicum
1119 5202 1198 5242 anno
1214 5181 1271 5242 118
1287 5199 1353 5240 cum
1370 5178 1424 5240 Cn.

104 5285 233 5348 Pedanio
255 5289 355 5349 Fusco
378 5285 547 5362 Salinatore
571 5287 668 5347 fasces
690 5284 857 5347 ordinarios
880 5286 1075 5362 suscepisset,
1103 5284 1191 5344 etiam
1213 5282 1309 5360 pridie
1329 5297 1426 5340 nonas
