3568 6070
315 1709 388 1819 lle
428 1702 596 1820 titudis
638 1704 897 1819 nonnullis
935 1703 1118 1817 Attiois
1162 1703 1225 1816 ad
1261 1736 1345 1816 res
1384 1698 1638 1816 Romanas

799 1876 1157 2014 spectantibus,

877 2173 1081 2185 ——u-—n

400 2381 427 2438 1.
468 2379 505 2439 In
525 2378 727 2456 Ephemeride
752 2377 981 2456 archaeologiea
1001 2377 1181 2438 Atheniensi
1208 2397 1252 2437 nr.
1270 2377 1330 2436 750
1356 2377 1534 2437 Pittakisius
1563 2377 1643 2435 hune

315 2480 434 2540 titulum
459 2480 566 2554 edidit,
591 2481 764 2559 inscriptum
791 2479 859 2538 basi
885 2479 1042 2539 marmoris
1064 2477 1211 2556 Hymettii
1236 2480 1268 2538 in
1295 2481 1369 2538 duas
1398 2486 1499 2556 partes
1520 2476 1644 2547 frattae,

314 2583 453 2642 inventae
473 2583 705 2659 septentrionem
726 2598 832 2641 versus
854 2599 873 2638 a
893 2581 1096 2640 Parthenone:

906 2679 942 2738 ‘0
965 2675 1052 2753 δῆμος

784 2783 899 2865 Μᾶρκον
920 2774 1037 2840 Λικίνιον
1057 2771 1174 2865 Μάρκου

784 2877 833 2942 v‘dv
854 2872 986 2966 Kpdruov
1007 2871 1178 2940 ἀνθύπατον

783 2973 831 3041 urai
852 2974 1044 3067 αὐτοκράτορα
1065 2979 1164 3067 ἀρετῆς

784 3075 875 3142 ἕνεκεν
893 3074 976 3164 κ[α]ἶ
997 3078 1115 3144 advolas.

315 3188 377 3263 Qui
398 3188 504 3247 titulus
526 3189 564 3246 ad
585 3206 674 3264 quem
695 3186 845 3246 hominem
867 3187 1040 3246 referendus
1063 3187 1117 3259 sit,
1139 3185 1269 3245 dubitari
1291 3186 1344 3246 vix
1364 3193 1474 3264 potest.
1518 3185 1640 3246 Certum

313 3297 368 3364 est,
389 3309 457 3348 eum
477 3290 718 3349 amolitus.
742 3286 795 3364 (22
810 3306 839 3363 p.
856 3285 943 3363 Chr.)
965 3289 1160 3365 posteriorem
1182 3307 1243 3346 non
1264 3304 1346 3360 esse3
1367 3288 1437 3366 inde
1457 3289 1546 3346 abeo
1562 3307 1639 3347 anno

205 3405 208 3411 '
313 3393 392 3450 enim
417 3392 566 3450 neminem
591 3391 741 3470 privatum
768 3389 957 3465 imperatoris
984 3388 1130 3448 vocabulo
1157 3396 1296 3448 ornatum
1323 3405 1391 3448 esse
1416 3397 1544 3448 constat.
1591 3391 1639 3448 Ex

312 3494 408 3552 altera
435 3500 519 3568 parte
547 3491 698 3568 antiquior
725 3490 774 3548 vix
801 3491 892 3548 fuerit
918 3509 997 3548 anno
1020 3488 1081 3550 724
1100 3509 1130 3548 u.
1149 3507 1175 3547 e.
1199 3489 1256 3565 (30
1276 3508 1304 3550 a.
1326 3488 1422 3566 Chr.).
1465 3490 1536 3550 Non
1563 3492 1639 3551 enim

312 3601 464 3670 comparet
489 3601 558 3651 ante
585 3610 652 3651 eum
679 3610 789 3650 annum
815 3592 846 3650 in
867 3591 953 3650 fastis
975 3590 1183 3655 consularibus
1205 3591 1245 3650 M.
1270 3589 1400 3650 Crassus
1422 3591 1462 3650 M.
1485 3592 1506 3651 f.
1551 3591 1638 3666 Quod

312 3696 339 3754 si
360 3695 427 3770 quis
450 3693 570 3765 dixerit,
592 3713 659 3752 eum
681 3692 731 3768 qui
752 3709 808 3769 pro
830 3693 954 3751 consule
975 3692 1024 3764 sit,
1045 3710 1083 3753 ne
1104 3690 1215 3753 liberae
1231 3693 1352 3767 quidem
1365 3693 1551 3770 reipublicae
1566 3701 1637 3752 tem·

311 3813 385 3872 pora
405 3795 524 3870 semper·
545 3794 731 3852 consularem
753 3809 832 3864 esse,
853 3792 907 3855 sed
928 3793 1018 3872 etiam
1040 3792 1108 3851 aliis
1125 3793 1296 3853 hominibus
1311 3793 1363 3868 qui
1377 3794 1539 3868 provinciis
1554 3813 1637 3871 prae·

312 3896 386 3967 sint,
412 3894 626 3971 proconsulare
650 3894 808 3970 imperium
828 3903 1041 3969 nonnunquam
1063 3893 1153 3952 tribui
1176 3893 1517 3971 (Becker-Marquardt,
1544 3897 1636 3973 antiq.

310 3995 399 4054 Rom.
421 3995 481 4066 III,
503 3996 518 4052 1
541 4014 570 4071 p.
588 3993 678 4070 276),
704 3995 902 4072 reputandum
929 4002 990 4066 est,
1018 4001 1136 4070 praeter
1156 3994 1192 4052 P.
1214 3992 1386 4069 Scipionem
1406 3995 1584 4055 Africanum
1610 4005 1639 4055 et

312 4095 367 4155 Cn.
389 4095 563 4172 Pompeium
580 4097 733 4172 Magnum,
756 4114 883 4172 quorum
905 4113 996 4154 eausa
1015 4095 1105 4171 plane
1127 4093 1286 4171 singularis
1309 4104 1366 4168 est,
1388 4104 1467 4157 certe
1488 4098 1636 4157 neminem

310 4198 370 4256 nisi
390 4197 573 4274 praetorium
593 4197 809 4274 proconsulem,
822 4197 926 4255 firisse.
961 4196 1138 4256 Praetorem
1158 4195 1199 4255 M.
1216 4194 1359 4280 Crassum
1381 4194 1488 4276 Cicero
1510 4216 1636 4257 comme·

310 4306 409 4357 morat
429 4298 465 4357 de
486 4316 530 4356 or.
552 4296 744 4370 1‚3t,1os;
774 4306 805 4356 at
825 4316 895 4358 num
915 4299 943 4357 is
964 4296 1059 4356 Marti
1079 4297 1160 4356 filius
1181 4297 1272 4356 fuerit
1292 4297 1380 4356 valde
1401 4297 1523 4366 dubium
1544 4295 1636 4376 ast.¹)

386 4543 411 4609 ¹)
436 4545 487 4596 Illo
505 4545 564 4595 loeo
576 4545 606 4595 L.
620 4543 728 4595 Crassus
746 4549 835 4594 orator
852 4543 1026 4594 nobilissimus
1045 4551 1133 4594 narrat
1152 4545 1257 4610 quaein
1270 4545 1366 4595 iudicio
1380 4545 1448 4610 apud
1461 4545 1499 4596 M.
1514 4545 1634 4597 Crassum

309 4636 438 4702 quendam
455 4641 601 4700 praetorem
619 4641 676 4685 aeta
695 4635 753 4685 sint.
785 4635 976 4684 Heurichsenus
996 4634 1114 4700 (eumque
1127 4642 1228 4686 secutus
1240 4635 1352 4686 Orellius
1365 4636 1459 4687 Onam.
1473 4638 1543 4686 Tull.
1563 4654 1584 4687 s.
1599 4637 1634 4699 n.)

309 4742 367 4777 eam
385 4741 441 4776 rem
460 4727 494 4775 ad
512 4741 608 4776 annum
626 4740 650 4776 a.
664 4725 726 4776 Chr.
742 4727 793 4776 127
814 4732 858 4775 aut
877 4726 929 4775 126
949 4725 1036 4788 refert,
1053 4727 1176 4791 illumque
1194 4733 1340 4791 praetorem
1358 4727 1396 4777 M.
1416 4727 1538 4778 Crassum
1556 4729 1588 4779 P.
1605 4729 1633 4790 1.,

309 4809 450 4883 ἀγέλαστον
466 4817 627 4889 cognomipe,
647 4817 774 4867 triumviri
792 4831 876 4878 avum,
898 4831 953 4866 esse
971 4824 1051 4881 putat.
1083 4818 1250 4868 Dmmannus
1263 4833 1324 4869 vero
1338 4817 1415 4880 (Hist.
1427 4817 1504 4869 Rom.
1517 4820 1566 4880 IV,
1581 4818 1632 4881 70),

308 4907 430 4970 Pighium
449 4913 563 4968 secutus,
586 4923 666 4972 usqua
686 4909 720 4958 ad
738 4922 834 4958 anuum
855 4909 906 4958 107
921 4923 945 4958 a.
959 4907 1021 4958 Chr.
1040 4909 1172 4958 descendit
1191 4916 1217 4958 et
1235 4909 1267 4958 de
1286 4909 1340 4958 filio
1360 4909 1471 4974 quodam
1490 4911 1560 4960 illius
1578 4901 1632 4976 dys-

308 4985 407 5046 bairrao
426 4997 552 5046 triumviri
568 5003 660 5062 patruo
685 4997 754 5059 (nam
774 5005 847 5064 pater
865 4998 920 5048 eius
938 4993 1045 5050 Publius
1063 4999 1227 5062 vocabatur),
1251 5007 1385 5064 praeterea
1403 5001 1504 5065 ignoto,
1530 5003 1632 5066 cogitat.

308 5090 336 5139 Is
354 5087 432 5151 igitur
451 5094 518 5137 esset
534 5088 573 5138 M.
593 5089 701 5139 Crassus
719 5089 756 5140 M.
776 5090 795 5139 f.
814 5095 926 5154 praetor.
964 5091 1002 5140 At
1025 5090 1088 5141 mihi
1109 5091 1213 5156 quidem
1231 5092 1303 5156 prior
1321 5091 1449 5142 sententia
1468 5093 1549 5142 multo
1568 5093 1632 5142 ueri-

309 5178 419 5229 similior
436 5179 545 5228 videtur.
582 5179 618 5230 Ut
637 5180 706 5230 enim
726 5181 842 5231 omittam
862 5195 966 5244 causas,
986 5197 1050 5247 quas
1067 5177 1260 5233 Henriehseuus
1277 5183 1333 5248 ipae
1351 5182 1439 5245 affert,
1459 5185 1514 5234 iure
1532 5185 1631 5249 quaeri·

309 5285 380 5334 mus,
405 5285 450 5321 cur
472 5271 503 5322 L.
523 5270 631 5322 Crassus
654 5285 710 5322 rem
733 5271 770 5322 ita
795 5279 895 5335 narret,
920 5279 947 5323 ut
970 5287 1027 5324 eam
1050 5288 1174 5328 asoceru
1194 5273 1226 5336 Q.
1245 5274 1333 5326 Mucio
1353 5274 1479 5327 scaevola
1498 5275 1557 5328 Cos.
1578 5277 1630 5325 117
