3568 6070
509 623 805 678 cassavnrronns
823 623 942 678 amsa.
961 627 1024 682 vn.
1359 613 1429 685 133

111 795 206 852 lantur
226 795 376 856 candidati
395 800 509 852 tantum
530 813 584 872 per
604 795 739 872 ellipsim
766 803 866 854 errant
887 797 965 856 enim
987 799 1193 872 meoiudicio,
1215 801 1266 876 qui
1288 803 1366 862 hunc
1386 805 1428 862 lo·

110 894 215 969 quendi
236 911 323 952 usum
344 894 530 953 immutatum
551 894 590 953 ad
610 915 709 954 rerum
724 897 986 974 institutorumque
1001 900 1193 960 mutationem
1209 901 1390 978 referunt1).

260 997 295 1065 5.
347 991 500 1068 Praetor
526 995 572 1067 de
598 993 808 1068 liberalibus
836 996 966 1070 causis.

187 1111 229 1170 Ut
261 1114 487 1172 centumvirales
520 1133 631 1173 causae
663 1116 701 1172 ad
729 1098 898 1190 praetorem
919 1115 1092 1176 'hastarium
1118 1120 1311 1194 spectabant,
1342 1120 1427 1180 fidei-

108 1213 311 1271 commissaria
332 1214 498 1272 iurisdictio
520 1216 558 1273 ad
579 1224 745 1291 praetorem
767 1215 1083 1290 fideicommissarium,
1106 1218 1262 1294 pupillaris
1284 1221 1324 1278 ad
1344 1238 1429 1296 prae·

64 1303 68 1316 '
107 1321 197 1372 torem
232 1315 421 1386 tutelarium,
457 1315 501 1372 ita
535 1315 624 1373 etiam
659 1316 797 1375 liberales
830 1335 937 1376 causas
970 1335 1055 1376 sunm
1087 1327 1255 1394 praetorem
1286 1320 1430 1380 habuisse

106 1413 346 1490 inscriptionibus
378 1421 448 1472 ante
479 1416 535 1473 has
566 1416 704 1475 inventas
736 1417 902 1476 tacentibus
935 1436 1075 1477 noramus
1107 1419 1284 1494 praesertim
1314 1440 1354 1479 ex
1384 1441 1427 1479 re·

107 1513 212 1589 scripto
239 1512 437 1572 caroasco
465 1515 503 1572 ab
528 1517 599 1592 imp.
621 1517 855 1593 Alexandr02),
881 1518 913 1576 in
934 1536 993 1594 qno
1015 1519 1154 1594 leguntur
1180 1521 1267 1578 haec:
1293 1517 1429 1579 ‘libertate

106 1623 266 1687 competente
296 1615 483 1689 (praefectus
510 1616 596 1692 urbi)
624 1617 745 1692 perduci
776 1637 837 1676 cum
868 1619 911 1675 od
936 1629 1112 1693 praetorem,
1145 1623 1226 1678 cuius
1253 1623 1287 1678 de
1316 1621 1429 1679 liberali

107 1731 190 1770 cauco
210 1715 373 1772 iurisdictio
394 1725 448 1785 eat,
474 1725 507 1774 ut
526 1716 567 1773 ibi
587 1717 624 1774 lia
645 1719 798 1788 ordinetur,
820 1713 945 1776 iubebit'.
988 1718 1035 1775 Ea
1054 1719 1222 1778 iurisdictio
1243 1721 1309 1779 fieri
1330 1729 1430 1796 potest

105 1819 134 1869 ut
153 1813 326 1873 introducta
347 1813 386 1872 sit
407 1815 486 1874 circa
506 1817 582 1874 hanc
602 1817 700 1893 ipsam
722 1823 859 1888 aetatem,
881 1818 957 1875 sicut
977 1825 1145 1893 praeturam
1168 1821 1338 1878 tutelariam
1359 1839 1428 1878 con·

105 1920 159 1970 stet
187 1913 357 1995 institutam
389 1932 457 1974 esse
490 1934 509 1973 a
535 1916 604 1974 divo
632 1917 736 1975 Marco
763 1917 947 1992 eundemque
975 1919 1064 1975 etiam
1093 1919 1153 1975 alio
1181 1921 1301 1977 nomine
1329 1920 1429 1978 causis

104 2013 273 2072 liberalibus
302 2015 472 2090 providisse
500 2014 563 2092 (11.Ι
580 2016 643 2074 vita
671 2035 696 2074 c.
713 2017 762 2092 7);
792 2017 846 2075 sed
872 2017 968 2094 magis
997 2017 1173 2087 crediderim
1197 2027 1366 2093 praetorem
1392 2021 1429 2077 de

103 2112 273 2172 liberalibus
297 2115 395 2174 causis
416 2115 509 2173 creari
529 2127 665 2192 coeptum
686 2134 754 2176 esse
775 2118 813 2175 ab
828 2117 973 2192 Augusto.
1011 2115 1091 2174 Nam
1113 2135 1173 2174 non
1193 2118 1332 2193 ignorant
1352 2118 1427 2176 iuris

104 2213 258 2288 prudentes
287 2231 394 2274 causas
415 2216 555 2274 liberales
578 2216 616 2273 ab
637 2216 846 2292 antiquissimo
867 2216 936 2274 inde
957 2225 1091 2292 tempore
1116 2235 1201 2275 suum
1222 2218 1321 2276 forum
1342 2235 1429 2276 suos-

105 2333 156 2388 que
176 2316 377 2392 magistratus
398 2317 555 2388 habuisse,
583 2316 697 2375 scilicet
718 2317 904 2375 decemviros
925 2316 1030 2375 litibus
1052 2317 1232 2388 iudicandis3
1261 2335 1338 2393 quos
1360 2337 1429 2376 curn

104 2415 255 2494 Augustus
288 2415 326 2472 ad
352 2417 578 2476 centumviralis
604 2417 716 2476 iudicia
742 2417 933 2488 transferret,
962 2436 1000 2474 ne
1019 2419 1096 2475 tanti
1118 2417 1259 2476 momenti
1280 2409 1329 2477 re's
1356 2418 1428 2476 adu-

103 2514 270 2574 lescentulis
300 2516 543 2589 committeretur,
572 2517 661 2576 simul
686 2535 795 2576 causas
816 2517 958 2576 liberales
982 2516 1033 2576 uni
1055 2536 1096 2576 ex·
1115 2517 1268 2575 duodecim
1291 2518 1428 2593 quitum

104 2623 182 2674 erant
200 2617 394 2692 praetoribus
416 2636 485 2674 eum
506 2617 678 2676 attribuisse
699 2617 883 2676 crediderim.

251 2718 290 2787 6.
337 2713 512 2814 [Legatus
529 2715 740 2814 provinciae
753 2713 920 2812 Af]ricae
936 2714 1095 2813 regionis
1109 2714 1426 2814 Hipponiensium.

157 2834 306 2896 'Omittit
328 2835 475 2912 Aquinas.
518 2835 577 2914 Egi
605 2836 642 2894 de
670 2837 778 2914 legatis
805 2836 995 2912 proconsulis
1017 2836 1141 2894 Africae
1162 2837 1333 2896 dioeceseos
1355 2835 1429 2896 Car-

104 2935 298 3012 thaginiensis
323 2943 354 2996 et
378 2937 548 2996 dioeceseos
576 2937 640 2995 sive
668 2937 799 3014 regionis
825 2936 1044 3012 Hipponiensis
1075 2937 1132 3012 (ci.
1158 2937 1184 2994 Ι.
1206 2935 1246 2997 N.
1272 2936 1370 3012 1433)
1397 2938 1429 2996 in
1507 3006 1511 3015 Ι

105 3037 172 3096 actis
198 3037 355 3096 societatis
376 3035 545 3096 Saronicus
573 3056 600 3096 a.
618 3036 696 3096 1852
724 3036 841 3114 pala
885 3033 946 3095 Sed
971 3055 1032 3096 non
1059 3037 1171 3095 attendi
1199 3037 1241 3096 ibi
1269 3037 1309 3096 ad
1329 3037 1429 3095 locum

104 3135 188 3195 Plinii
209 3138 302 3214 epist.
326 3137 361 3209 9,
377 3138 432 3208 33,
457 3138 509 3196 ubi
536 3137 587 3213 qui
612 3139 780 3195 nominatur
802 3127 946 3196 Octavius
967 3137 1077 3195 Avitus
1098 3137 1215 3214 legatus
1237 3137 1428 3211 proconsulis

104 3239 268 3297 consistens
294 3237 326 3295 in
351 3237 456 3296 Africa
480 3237 514 3296 in
539 3237 657 3296 colonia
677 3236 878 3316 Hipponiensi
903 3245 1005 3311 aperte
1032 3236 1137 3295 eodem
1163 3237 1230 3294 loco
1256 3237 1313 3295 fuit
1338 3245 1428 3312 atquc

105 3338 129 3395 is
152 3338 187 3395 de
213 3357 279 3415 quo
301 3337 432 3416 agimus3
459 3337 632 3415 Hipponem
653 3344 751 3396 autem
773 3337 815 3395 ibi
835 3337 969 3412 intellegi
990 3355 1050 3395 non
1072 3336 1198 3412 Regium
1220 3336 1252 3393 in
1273 3335 1426 3406 Numidia,

105 3439 153 3496 sed
170 3439 371 3514 Diarrhytum
391 3438 565 3514 provinciae
585 3437 807 3515 proconsularis
830 3437 957 3495 efficitur
977 3437 1086 3494 collato
1107 3436 1175 3494 loco
1190 3435 1283 3493 Plinii
1304 3435 1427 3494 maioris

105 3538 167 3598 hist.
188 3547 251 3598 nat.
278 3539 306 3610 9,
322 3538 352 3610 8,
367 3537 416 3598 26.

253 3641 289 3714 7.
345 3635 504 3711 (iurator
528 3636 582 3710 rei
606 3635 774 3735 publicae
800 3632 1117 3710 Ocriculanorum.

182 3758 307 3820 Omittit
328 3756 466 3817 Casinas.
510 3755 671 3817 Curatores
696 3756 862 3815 civitatium
886 3755 1053 3830 praetorios
1076 3753 1245 3830 composuit
1265 3752 1426 3812 chzenus

101 3847 217 3964 ¹inann.
240 3861 314 3918 inst.
339 3858 416 3918 1851
439 3877 469 3935 p.
486 3855 535 3916 23.

255 3960 291 4030 8.
345 3954 505 4030 Ourator
529 3953 611 4029 viae
636 3953 788 4028 Latinae
815 3951 975 4052 n[ovae].

182 4098 204 4138 u
225 4081 358 4138 litteram
379 4097 457 4154 quae
478 4076 612 4152 sequitur
631 4076 663 4133 in
684 4075 771 4134 titulo
786 4075 937 4150 Aquinate
959 4073 1043 4150 (nam
1064 4074 1107 4132 ita
1119 4073 1162 4131 ibi
1176 4081 1232 4144 est,
1254 4089 1313 4130 non
1329 4089 1374 4144 Ετ,
1395 4081 1428 4130 ut

104 4179 210 4258 legitur
229 4181 265 4238 in
284 4179 423 4254 exemplo
443 4177 629 4253 Ponariano)
650 4177 694 4236 ita
714 4175 902 4253 explevimus
924 4181 1046 4252 propter
1066 4173 1201 4245 titulum,
1223 4190 1311 4247 quem
1332 4189 1427 4247 nuper

105 4281 206 4340 Tomis
227 4281 362 4358 repperit
379 4279 525 4338 Ernestus
540 4276 718 4352 Desjsrdins
739 4275 913 4352 publiciqua
934 4274 1009 4333 iuris
1030 4274 1101 4333 iecit
1121 4263 1156 4332 in·
1174 4272 1332 4330 annalibus
1354 4271 1425 4328 inst.

105 4383 181 4440 arch.
206 4381 287 4440 1868
314 4398 343 4455 p.
359 4379 410 4452 97,
435 4377 473 4437 L.
495 4377 588 4436 Annii
608 4376 708 4436 Italici
728 4375 877 4434 Honorati
902 4373 1075 4449 cur(atoris)
1100 4377 1163 4432 uico
1183 4369 1378 4446 Lucic(onoe)
1400 4379 1426 4428 et

105 4479 257 4557 Latinae)
278 4478 407 4555 octer(ia)
428 4479 593 4556 imperante
608 4474 793 4536 Alexandro.
828 4475 935 4552 Itaque
954 4474 1043 4534 tertio
1065 4479 1145 4532 certe
1166 4472 1285 4532 saeculo
1305 4471 1427 4529 ineunte

104 4651 307 4663 *-

178 4758 203 4822 ¹)
231 4762 304 4812 naec
326 4765 365 4812 est
387 4760 475 4825 opinio
500 4759 602 4814 socon
626 4757 671 4820 <in
694 4757 752 4822 eph.
771 4755 910 4820 runorogo
933 4753 984 4804 vor.
999 4755 1032 4805 ao
1057 4769 1082 4818 p.
1097 4733 1166 4815 css)
1189 4752 1217 4803 11
1241 4749 1424 4801 commentario

106 4859 237 4914 praeterea
253 4851 389 4914 diligenter
406 4851 475 4900 facto
495 4857 521 4899 et
539 4849 597 4900 utili
615 4849 647 4899 de
666 4847 810 4899 candidatis
823 4845 950 4907 Caesaris,
969 4843 1002 4894 dc
1021 4857 1071 4909 qua
1090 4844 1236 4894 coniectura
1244 4841 1354 4892 dicendi·
1363 4840 1425 4890 alibi

107 4943 275 5006 opportunior
291 4943 363 4991 locus
381 4941 492 4990 dabitur.

180 5037 206 5103 ²)
234 5039 299 5090 God.
319 5039 383 5090 Iust.
401 5038 527 5100 4,.111.
555 5037 596 5088 cf.
615 5034 808 5087 constitutiones
821 5032 966 5084 Constantii
985 5031 1050 5082 Cod.
1064 5031 1165 5082 Theod.
1181 5030 1206 5094 6,
1220 5031 1247 5092 4,
1262 5029 1296 5080 16
1311 5047 1344 5071 =
1359 5027 1424 5078 Cod.

108 5122 343 5192 11111.1,39,1’11
360 5128 497 5180 Iustiniani
515 5125 751 5188 novell.13,1,1=
770 5129 902 5188 praetores
921 5118 985 5170 εἰσὶν
1003 5119 1027 5171 ἐν
1045 5119 1076 5194 τῇ
1094 5109 1221 5190 συγκλήτῳ
1240 5117 1324 5191 βουλῇ
1337 5116 1362 5168 oi
1378 5114 1424 5168 τῶν

110 5215 254 5289 111119111ιό1
272 5215 312 5270 καὶ
330 5216 377 5271 τῶν
395 5215 526 5287 ἐπιτροπῦν
543 5213 584 5267 κα1
601 5215 647 5268 τῶν
663 5202 779 5266 sarcitur
797 5199 990 5282 προκαθήμενοι.
