3620 6080
682 663 949 716 mscaouurms.
1403 649 1475 720 219

148 853 187 910 ad
214 851 319 911 aedem
341 850 440 910 Divae
455 851 601 928 Virginis,
630 853 677 911 oui
698 851 852 930 Panagiae
874 854 1074 930 pyrgiotissae
1096 873 1204 914 nomen
1226 866 1286 927 est,
1312 875 1407 934 nuper
1428 859 1478 918 de-

148 953 295 1028 scriptum
321 963 351 1012 et
375 971 489 1012 mecum
512 953 761 1012 communicatum
783 973 802 1012 a
824 951 961 1013 Gustavo
983 952 1157 1014 Hirschfeld
1178 955 1227 1014 hic
1247 974 1413 1034 proponere
1434 960 1478 1017 vi·

148 1071 214 1110 sum
238 1060 293 1112 est.

411 1133 889 1294 nouurouuuuurouraruQ
1049 1125 1239 1268 ff

409 1259 921 1339 ultumos-murtroa·tassaroruk
1036 1247 1215 1306 ,rrararou'

410 1358 1052 1405 samsarrousnurmor·uurraroztasaaror

410 1449 1174 1505 rsruaurnot-aeuumouosurroraouurmszrrrru

355 1563 367 1601 ι
410 1559 1211 1605 rozmrarnuoesrusrourrssrrorrnarmorxarruroa

410 1631 1076 1708 anastrorarnuou-uouosomaluoresoror

409 1759 1124 1838 rousurroysrarrsruuarroumrnuauaeuusu

149 1896 241 1971 Quod
264 1907 389 1957 exeunte
411 1897 474 1956 ui
496 1899 605 1974 legitur
626 1889 695 1974 1([αὶ
717 1894 987 1974 ἆντι]ετνΑτΗτοΝ,
1010 1898 1157 1956 adfinem
1181 1916 1207 1955 v.
1227 1900 1241 1955 l
1265 1901 1478 1960 restituendum

146 2017 219 2058 esse
251 1999 383 2058 ostendit
413 1999 532 2056 titulum
565 1991 774 2081 upsrldscruts,
807 2017 867 2074 quo
895 2017 961 2057 cum
989 2017 1048 2056 non
1077 1999 1167 2074 plane
1193 2000 1352 2074 expleatur
1380 2005 1479 2064 hiatus

147 2102 182 2158 in
203 2101 264 2158 v.l
294 2100 413 2168 obrius,
440 2101 543 2158 nescio
570 2119 608 2157 an
634 2100 809 2157 consulatus
835 2099 877 2157 ibi
905 2099 1055 2159 indicatus
1080 2101 1170 2160 fuerit
1195 2103 1414 2181 legendumque
1440 2105 1480 2163 sit

149 2192 267 2259 ὕπατον.
312 2201 426 2260 Fasces
453 2199 549 2278 gessit
572 2199 707 2276 Regulus
735 2216 813 2258 anno
835 2200 891 2271 31,
917 2218 996 2257 anno
1022 2211 1120 2260 autem
1143 2202 1182 2262 36
1209 2203 1327 2280 legatus
1349 2205 1478 2281 Augusti

148 2321 195 2379 pr.
217 2321 262 2378 pr.
285 2303 396 2363 missus
419 2309 465 2360 est
486 2299 524 2359 ad
542 2300 691 2376 regendas
714 2301 885 2376 provincias
906 2300 1055 2372 Achaiam
1077 2309 1107 2361 ot
1124 2302 1330 2372 Macedoniam
1352 2311 1382 2388 et
1395 2287 1479 2364 Moe·

148 2404 242 2475 siam,
264 2403 373 2480 quibus
393 2421 447 2480 per
468 2408 564 2460 totum
588 2399 658 2462 Gaii
679 2401 836 2479 imperium
859 2407 889 2460 et
909 2401 1015 2478 primis
1037 2403 1127 2460 etiam
1149 2400 1269 2464 Claudii
1290 2404 1377 2464 annis
1398 2405 1481 2464 vide·

150 2515 199 2564 tur
219 2504 389 2581 praefuisse
410 2502 461 2578 (ol.
483 2501 652 2579 Hertaherg
672 2499 773 2561 θενών.
791 2501 951 2562 Griaclrenl.
967 2502 998 2560 ll
1019 2521 1049 2578 p.
1066 2504 1084 2562 8
1108 2510 1138 2562 et
1159 2502 1370 2580 Dittenberger
1391 2505 1411 2564 l.
1428 2505 1479 2580 a).

150 2604 222 2664 Fuit
242 2603 333 2680 igitur
354 2605 472 2680 legatus
494 2604 701 2680 Augustorum
722 2603 828 2672 trium,
851 2621 919 2662 cum
941 2603 998 2662 hoc
1020 2604 1107 2662 titulo
1129 2589 1189 2662 non
1209 2605 1399 2664 enuntientur
1420 2606 1480 2668 uisi

150 2705 211 2764 duo
236 2705 290 2781 qui
316 2713 387 2764 sunt
408 2704 549 2764 Tiberius
573 2702 687 2764 Caesar
713 2704 869 2780 Augustus
895 2712 925 2764 et
946 2703 1088 2764 Tiberius
1111 2703 1256 2766 Claudius
1279 2703 1393 2764 Caesar
1418 2707 1481 2764 Au·

150 2811 259 2883 gustus
282 2803 489 2866 Germanicus.
534 2805 570 2864 Id
595 2804 675 2881 quod
698 2822 770 2864 cave
792 2823 828 2862 eo
849 2804 978 2876 referas,
1007 2805 1089 2882 quod
1109 2805 1245 2882 Regulus
1267 2824 1286 2864 a
1307 2803 1385 2864 Gaio
1408 2803 1482 2864 Cae·

150 2923 220 2966 sare
241 2906 369 2964 Romam
390 2915 515 2966 vocatus
538 2906 577 2964 ad
597 2905 728 2964 Lolliam
749 2923 873 2964 uxorem
890 2904 1014 2966 Caesari
1035 2905 1280 2983 despondendam
1301 2903 1399 2980 (Suet.
1415 2903 1481 2966 Cal.

152 3007 207 3079 25;
235 3006 296 3066 Dio
317 3008 371 3069 59.
389 3007 441 3082 12)
470 3016 540 3084 post
565 3007 655 3066 huius
683 3005 801 3066 demum
828 3015 953 3067 mortem
978 3007 1010 3066 in
1036 3007 1221 3084 provinciam
1248 3006 1382 3079 redierit3
1412 3026 1484 3068 nam

150 3127 231 3168 anno
257 3118 338 3168 certe
365 3108 405 3168 40
437 3109 469 3168 in
500 3108 629 3168 Graecia
655 3127 723 3166 eum
753 3115 969 3168 commoratum
997 3125 1063 3168 esse
1091 3127 1131 3170 ex
1159 3108 1198 3168 iis
1226 3107 1378 3186 colligitur
1406 3125 1483 3184 quae

150 3219 255 3270 narrat
272 3209 422 3285 Iosephus
445 3208 496 3284 (A.
514 3209 540 3268 Ι.
559 3208 607 3281 19,
625 3210 652 3280 1,
671 3209 711 3284 1).
748 3209 845 3270 Immo
866 3226 973 3268 nomen
994 3207 1119 3284 pessimi
1140 3208 1330 3284 imperatoris
1343 3207 1483 3270 consulto

150 3311 344 3388 praeteritum
365 3319 422 3370 est.
442 3343 484 3354 -
509 3309 591 3370 Nota
612 3317 768 3386 praeterea
789 3308 938 3386 Regulum
959 3308 1125 3385 nuncupari
1146 3299 1328 3390 πρεσβευτὴν
1348 3297 1483 3388 Τιβερίου

150 3405 297 3494 Καίσαρος
324 3403 485 3476 Σεβαστοῦ
510 3401 559 3468 καὶ
587 3399 826 3492 ἀντιστράτηγον,
859 3409 953 3468 verba
978 3416 1078 3466 autem
1105 3397 1152 3466 καὶ
1175 3398 1312 3488 Τιβερίου
1338 3398 1483 3468 Κλαυδίου

150 3507 295 3598 Καῖταροτ
316 3504 479 3577 Σεβαστοῦ
504 3511 665 3588 subsequi,
691 3529 758 3570 cum
785 3509 945 3571 inserenda
970 3517 1071 3569 essent
1095 3515 1164 3566 ante
1192 3523 1325 3581 eaquae
1346 3495 1484 3566 ructuat

151 3604 387 3697 ἀντιστράτηγον.
410 3648 447 3660 -
485 3611 621 3674 Statuam
649 3610 760 3688 Reguli
788 3611 825 3668 de
853 3627 907 3668 suo
935 3608 1085 3668 dedicavit
1111 3607 1160 3668 Ti.
1190 3604 1336 3670 Claudius
1365 3605 1484 3669 Novius

151 3716 267 3776 Philini
288 3715 384 3785 lilius,
407 3715 491 3774 cuius
512 3713 599 3788 plura
620 3721 814 3772 monumenta
835 3716 1006 3788 supersunt.
1049 3708 1099 3770 Do
1120 3726 1155 3766 eo
1177 3708 1231 3783 qui
1252 3724 1348 3783 nuper
1368 3705 1431 3782 egit
1451 3705 1485 3768 iu
1556 3777 1559 3784 Ι

152 3817 286 3876 Hermae
309 3816 402 3874 volt
424 3835 452 3891 p.
469 3814 530 3873 416
542 3832 626 3890 seqq.
648 3811 846 3872 Neubeuerus
865 3811 897 3870 in
918 3828 955 3878 eo
976 3809 1094 3870 videtur
1114 3808 1272 3880 erravisse,
1298 3807 1380 3882 quod
1399 3815 1486 3883 putat

152 3917 287 3977 Novium
314 3916 409 3976 luisse
430 3916 545 3994 origine
565 3914 735 3972 Romanum
756 3921 863 3990 postea
883 3911 1032 3970 civitatem
1047 3903 1172 3968 'nmium
1193 3907 1332 3968 Athenis.
1376 3903 1486 3980 Quam-

151 4021 202 4078 vis
223 4019 303 4078 enim
325 4017 469 4094 originem
485 4015 622 4074 Italicam
642 4014 774 4073 indicare
789 4013 926 4072 videatur
946 4029 1055 4070 nomen
1073 4007 1154 4086 quod
1168 4014 1215 4068 est
1227 4007 1347 4077 Noctua,
1368 4013 1485 4082 patrem

153 4120 307 4181 Graecum
338 4117 433 4178 fuisse
459 4116 572 4176 Philini
603 4132 713 4174 nomen
744 4113 890 4185 ostendit,
922 4112 1018 4171 filium
1050 4118 1150 4168 autem
1182 4107 1301 4167 demum
1333 4105 1484 4165 civitatem

150 4223 323 4281 Romanam
350 4216 515 4278 aclaudio
540 4217 718 4293 imperatore
740 4213 890 4289 accepisse
912 4229 1095 4288 praenomen
1116 4210 1180 4268 eius
1201 4222 1369 4282 nomenque
1390 4206 1485 4263 maui-

151 4324 232 4383 festo
254 4322 468 4380 demonstrant.

1227 4439 1278 4502 W.
1299 4439 1440 4503 Huuzrs.
