3654 6072
329 607 378 678 90
888 620 1089 676 wnueuus

326 805 449 856 euectus
476 804 532 855 est.
574 793 667 870 Quod
686 802 789 854 summ
809 793 937 854 Alienus
946 792 1053 854 Varus
1069 792 1118 870 (ιι.
1134 793 1189 870 m
1202 799 1282 870 post
1297 793 1521 870 pnefeuturam
1543 801 1661 854 castro

326 917 392 956 rum
414 897 564 973 praetorio
584 895 752 974 praefectus
773 903 829 968 est,
850 893 931 955 idem
953 895 1075 972 saepius
1096 894 1208 954 fectum
1229 911 1298 955 esse
1318 913 1476 972 perperam
1496 895 1572 956 inde.
1587 913 1661 956 con·

327 999 447 1071 cludas3
476 999 533 1058 boc
559 997 639 1058 euim
666 997 793 1073 tempori
818 997 920 1072 potius
949 995 1192 1072 indubitataeque
1217 995 1288 1056 eius.
1313 1013 1385 1073 erga
1405 995 1562 1063 Vitellium
1588 998 1662 1056 fidei

327 1100 519 1160 tribuendum
547 1106 603 1159 est.
645 1097 871 1172 Procuraturis,
902 1114 979 1175 quas
1000 1097 1057 1158 viri
1084 1096 1216 1173 equestri
1236 1095 1344 1156 militia
1363 1097 1511 1174 perfuncti
1532 1097 1662 1174 adipisci

327 1201 475 1274 solebant,
496 1217 649 1278 nunquam
669 1217 722 1260 eos
744 1205 868 1258 ornatos
888 1199 1071 1270 invenimusr
1093 1197 1175 1274 quod
1195 1207 1295 1258 autem
1317 1195 1352 1258 O.
1369 1196 1496 1258 Caesius
1512 1195 1663 1260 Silvester

328 1303 372 1378 (n.
394 1301 448 1379 25)
474 1311 596 1362 emumr
622 1301 739 1362 viarum
765 1301 803 1358 ab
829 1299 1015 1377 Imperatore
1039 1299 1098 1360 Pio
1118 1297 1265 1358 Umbriae
1288 1307 1319 1357 at
1345 1299 1458 1362 Piceno
1484 1301 1573 1360 datus
1600 1309 1662 1372 est,

328 1422 415 1464 usum
441 1421 502 1462 non
529 1405 644 1474 turbat,
669 1403 723 1462 sed
746 1401 911 1463 confirmat.
956 1398 1032 1474 Quis
1059 1399 1136 1460 enim
1163 1409 1238 1477 quot
1257 1399 1323 1460 rias
1345 1400 1480 1477 legiones
1502 1401 1662 1460 Romanae

328 1504 500 1582 aperuerint
525 1503 641 1564 nescit?
688 1501 922 1580 Vexillutiones,
937 1509 1037 1561 autem
1065 1502 1212 1562 dusmodi
1238 1501 1379 1579 operibus
1406 1503 1538 1562 intentas
1566 1520 1662 1580 saepe

329 1605 435 1666 ductas
464 1623 533 1666 esse
558 1623 578 1664 a
604 1605 763 1681 praefectis
791 1611 972 1674 castrorum,
1000 1601 1081 1662 inira
1107 1603 1377 1664 demonstrabimus
1384 1623 1393 1676 3
1422 1602 1538 1662 riarum
1565 1603 1662 1680 igitur

328 1706 556 1768 muniendarum
577 1705 651 1766 artis
673 1725 712 1765 ex
733 1705 803 1780 ipsa
822 1705 886 1765 siue
907 1703 1000 1764 dubio
1020 1703 1129 1766 militia
1146 1705 1281 1782 apprime
1293 1705 1408 1783 peritus
1422 1711 1487 1764 erat
1501 1703 1660 1766 Silvester.

328 1807 398 1868 Etsi
419 1815 518 1868 autam
538 1807 714 1884 plerumque
735 1806 874 1866 duriores
894 1805 1053 1881 minusque
1074 1805 1146 1864 culti
1166 1815 1264 1877 eraut,
1289 1823 1382 1882 quarn
1402 1805 1525 1866 iuvenes
1545 1805 1661 1865 tribuni

328 1928 365 1968 ac
390 1909 535 1985 praefecti
555 1907 721 1968 cohortium
743 1907 920 1983 alarumque
939 1907 1189 1968 homiues-ferme
1209 1905 1427 1986 elegantiores,
1448 1907 1517 1983 ips-a
1536 1907 1582 1966 rei
1603 1907 1661 1967 mi·

325 2011 423 2070 literis
445 2010 572 2071 scientia
594 2026 741 2068 summum
763 2008 807 2067 eis
829 2017 899 2085 post
918 2007 1050 2085 legatum
1071 2007 1200 2088 legionis
1221 2009 1322 2069 locum
1341 2009 1373 2068 in
1393 2007 1501 2068 castris
1516 2007 1661 2086 adsigna-

327 2113 388 2172 bat.
421 2111 470 2170 Ita
483 2109 616 2172 Corbulo
637 2128 715 2188 quae
736 2111 803 2186 ipse
823 2127 928 2188 gerere
948 2127 1009 2168 non
1030 2117 1131 2186 potest
1144 2109 1287 2170 Cornelio
1300 2109 1413 2170 Flacco
1431 2109 1532 2186 legato
1554 2116 1585 2168 ct
1605 2110 1660 2170 In·

328 2213 405 2273 steio
420 2211 562 2290 Capitoni
576 2221 745 2271 castrorum
759 2201 910 2287 praefecto
925 2210 1047 2270 mandat
1061 2209 1105 2284 (n.
1120 2211 1184 2288 lt),
1196 2229 1335 2290 annoque
1346 2211 1386 2272 69
1400 2213 1533 2290 legiones
1547 2213 1660 2274 vinclis

328 2311 476 2374 Caecinae
498 2313 649 2375 exercitus
671 2312 742 2372 duci
760 2311 878 2372 iniectis
900 2311 1029 2372 Fabium
1048 2311 1211 2372 Fabullum
1230 2313 1354 2389 quintae
1373 2315 1504 2393 legionis
1523 2315 1659 2393 legatum

326 2423 357 2474 et
378 2413 518 2476 Cassium
538 2413 676 2492 Longum
697 2413 881 2491 praefectum
900 2422 1068 2472 castrorum
1089 2414 1181 2473 duces
1202 2414 1338 2492 deligunt
1359 2415 1403 2492 (u.
1421 2416 1483 2492 19).

409 2517 476 2594 Ipsi
496 2517 568 2576 licet
588 2532 741 2592 nunquam
761 2515 830 2576 loco
852 2514 1004 2574 senatorio
1027 2515 1101 2587 sint,
1126 2515 1206 2576 filius
1227 2525 1328 2577 nmen
1342 2515 1485 2596 Vespasii
1505 2517 1659 2580 Pollionis

327 2617 372 2693 (n.
396 2617 428 2694 1)
459 2617 604 2694 praefecti
635 2624 800 2676 castrorum
825 2625 1002 2692 ,praeturam
1034 2615 1161 2692 adeptus
1189 2623 1249 2690 est,
1280 2617 1509 2696 insignibusque
1540 2619 1659 2680 ordinis

327 2718 475 2796 equestris
501 2717 666 2777 honoribus
695 2725 839 2776 ornantur
865 2735 932 2777 oum
959 2718 1051 2776 inre
1077 2717 1200 2779 militari
1224 2726 1287 2780 tum
1313 2719 1346 2777 iu
1371 2739 1405 2780 re
1433 2720 1523 2780 cirili.
1566 2722 1658 2780 Acci·

326 2821 414 2897 piunt
438 2819 518 2878 enim
543 2825 574 2878 et
599 2820 681 2878 dona
700 2815 847 2878 ¹militaria
872 2818 988 2878 maiora
1013 2819 1116 2878 hastas
1141 2837 1233 2895 puras
1258 2828 1289 2878 et
1309 2821 1462 2898 verium)
1485 2823 1529 2898 (n.
1545 2821 1600 2898 34)
1626 2833 1660 2882 et

327 2921 497 2981 sacerdotia
517 2919 669 2996 equestria
689 2919 935 2996 splendidissima
955 2919 1094 2980 tubicinis
1115 2938 1269 2982 sacrorum
1291 2922 1396 3000 populi
1409 2922 1539 2984 Romani
1560 2925 1605 3000 (n.
1621 2925 1655 3002 8)

326 3022 581 3097 Laurentiumque
600 3019 792 3080 Larinatium
814 3020 858 3096 (n.
873 3020 938 3096 33).

411 3121 566 3184 Summum
593 3131 693 3182 autem
718 3123 797 3182 inter
823 3123 990 3198 praefectos
1015 3133 1182 3182 saeuorum
1207 3123 1307 3184 lucum
1329 3125 1489 3185 uerisimile
1510 3135 1559 3185 est
1578 3127 1657 3186 obti-

327 3225 430 3282 nuisse
452 3223 621 3300 praefectos
647 3232 814 3282 castrorum
840 3223 1112 3302 Aegyptiacorum,
1141 3225 1214 3301 quin
1240 3233 1273 3284 ut
1298 3227 1488 3303 praefectura
1512 3229 1656 3305 Aegypti,

325 3332 455 3400 excepta
477 3324 665 3402 praefectura
688 3325 846 3400 praetorii,
875 3325 1030 3402 equestris»
1044 3325 1141 3385 honor
1161 3343 1296 3386 summus
1319 3334 1377 3398 est,
1403 3329 1447 3391 ita
1467 3330 1656 3405 praefectura

326 3445 446 3504 quoque
471 3422 640 3486 memorum
664 3427 813 3504 Aegypti,
838 3426 943 3486 eadem
963 3427 1152 3504 praefectura
1172 3427 1315 3502 praetorii
1335 3436 1477 3506 excepta,
1504 3431 1654 3491 honorum

325 3529 498 3589 militarium
523 3527 641 3590 uidetur
666 3528 753 3604 quasi
779 3528 895 3586 culmen
921 3545 1002 3601 esse,
1034 3545 1110 3604 quos
1137 3529 1258 3604 quidem
1284 3549 1388 3608 gerere
1412 3531 1531 3609 possint
1557 3533 1654 3591 homi·

324 3649 378 3690 nes
403 3629 516 3688 ordinis
542 3647 603 3688 non
629 3629 779 3688 senatorii.
822 3627 881 3688 Est
904 3630 984 3688 enim
1009 3638 1114 3687 notum
1140 3630 1313 3708 Augustum
1339 3635 1412 3690 iuter
1436 3633 1499 3691 alio
1524 3633 1653 3692 domitum

325 3735 411 3789 tionis
435 3749 545 3788 arcora
568 3733 730 3806 seposuisse
748 3729 924 3807 Aegyptum,
945 3735 1056 3802 'aetitia
1081 3735 1139 3790 ιιίιι·
1154 3735 1311 3808 paramur,
1338 3735 1451 3809 ingredi
1474 3731 1652 3796 senatoribus

323 3842 375 3892 uui
400 3831 539 3906 equium
559 3832 697 3890 Romanis
721 3831 882 3890 illustribus
893 3830 938 3907 ²),
965 3831 1232 3892 administrandam
1258 3839 1359 3892 autem
1385 3833 1505 3894 dedisse
1530 3836 1584 3896 uni
1612 3855 1651 3897 ex

324 3931 487 4008 equitibus,
512 3931 566 4006 qui
590 3931 654 3990 iere
676 3931 738 4007 ipsi
759 3931 978 3992 addictissimus
1000 3941 1095 4006 esset,
1122 3951 1189 3994 cum
1211 3941 1372 3993 consuetae
1392 3935 1507 3995 formae
1528 3938 1651 4013 provin·

324 4033 401 4092 ciam
421 4031 520 4090 facere
533 4031 715 4110 Aegyptum,
736 4041 769 4092 ut
789 4033 861 4111 olim
877 4032 992 4094 Caesar
1005 4041 1100 4111 pater,
1122 4035 1165 4093 ita
1179 4042 1329 4094 vereretur
1342 4044 1374 4094 et
1387 4037 1463 4112 ipse,
1485 4055 1520 4096 nc
1533 4041 1650 4114 potando

319 4133 513 4204 ,ablatorem
535 4134 697 4210 prucst
721 4128 807 4192 auctu
833 4154 970 4194 cocorum
993 4154 1087 4194 rerum
1107 4139 1228 4194 mmeriu
1249 4131 1368 4213 arcti).
1411 4137 1454 4200 Ut
1479 4139 1571 4218 igitur
1597 4139 1649 4216 qui

322 4235 509 4312 provinciae,
540 4235 585 4293 ita
614 4253 652 4292 ne
681 4229 853 4312 ¹legionibus
886 4235 1007 4312 quidem
1040 4237 1092 4314 qui
1124 4245 1284 4312 praeerant
1310 4237 1343 4296 in
1367 4239 1508 4316 Aegypto
1536 4239 1650 4299 ordinis

322 4343 408 4394 erant
428 4334 625 4410 senatorii4),
652 4353 748 4411 neque
769 4353 901 4413 uuquam
922 4328 1041 4416 legatus
1063 4337 1152 4397 duxit
1172 4337 1321 4414 legionem
1339 4340 1471 4415 quaein
1492 4341 1549 4400 bec
1569 4349 1649 4400 terra

322 4447 423 4495 castra
447 4437 579 4496 haberet
626 4418 703 4495 Eius
737 4445 838 4496 autern
871 4438 971 4496 locum
1002 4439 1072 4514 quis
1104 4441 1234 4499 tenuerit
1262 4439 1423 4500 edocemur
1449 4441 1646 4526 inscriptione

322 4537 417 4628 nuper
441 4545 561 4614 reperta
581 4535 624 4613 (n.
640 4535 711 4614 24),
737 4553 799 4614 qua
823 4539 928 4597 eodem
954 4535 1302 4618 modo·1ocoque,'·quo
1330 4541 1398 4601 aliis
1425 4541 1456 4600 in
1482 4541 1646 4618 provinciis

398 4803 422 4866 1>
449 4805 519 4855 Nam
535 4805 598 4857 Sex.
612 4806 704 4856 Vibius
718 4805 810 4858 Gallus
827 4813 873 4858 aut
890 4807 1057 4872 manipularis
1075 4815 1121 4858 aut
1138 4810 1253 4860 centurio
1272 4810 1401 4874 accepisse
1419 4811 1521 4860 ridetur
1540 4817 1644 4878 torques

320 4895 434 4946 armillas
448 4894 578 4958 ,phaleras
598 4902 697 4959 partem
720 4909 887 4961 coronarum,
911 4899 1055 4964 praefectus
1078 4906 1218 4952 castrorum
1243 4901 1330 4952 hastas
1353 4916 1430 4967 purus
1450 4903 1479 4953 11
1500 4903 1600 4952 uexilla
1617 4903 1644 4953 11

320 4984 432 5049 reliquus
450 4997 567 5035 coronas.
1576 5003 1580 5008 ·

396 5069 421 5134 ²)
449 5075 591 5127 Teuma.
611 5077 695 5138 2592
739 5113 754 5160 ,-

395 5162 421 5226 3>
434 5207 437 5214 .
448 5165 519 5220 Suet.
538 5166 590 5218 dir.
608 5168 658 5218 Iul.
678 5169 722 5220 35.

396 5255 421 5316 ⁴)
450 5257 512 5309 Tac.
530 5257 590 5308 bist.
611 5259 635 5315 1,
651 5260 693 5308 11.
