3620 6080
679 639 892 696 anomocus.
1379 625 1451 698 257

125 815 220 892 (Bibl.
244 814 343 874 Vatic.
366 812 462 891 6852)
474 814 519 873 .in
540 831 601 891 quo
621 813 789 872 litterarum
809 813 923 890 figurae
948 812 987 871 ad
1008 813 1178 892 exemplum
1200 817 1389 894 antiquarum
1410 819 1455 877 in·

125 916 324 992 scriptionum
347 921 489 974 exaratae
511 913 661 989 variisque
682 914 834 973 coloribus
855 913 951 998 illitae
971 921 1091 985 extant,
1117 934 1183 974 cum
1205 917 1277 975 mihi
1299 935 1353 993 per
1373 919 1455 978 eius·
1521 914 1525 922 ’

124 1017 194 1075 dem
216 1017 397 1076 Mommseni
417 1013 631 1073 humanitatem
652 1015 840 1086 innotuisset,
860 1013 949 1072 facile
970 1014 1128 1091 impetravi
1150 1033 1169 1073 a
1189 1015 1350 1078 Francisco
1363 1017 1454 1093 Ruti,

124 1127 159 1176 ut
179 1117 345 1176 litterarum
367 1115 513 1192 imagines
534 1116 572 1173 ab
593 1115 702 1174 idoneo
723 1115 837 1174 artifice
857 1114 1050 1174 delineandas
1070 1124 1197 1188 curaret,
1217 1125 1317 1177 cetera
1335 1120 1402 1197 ipsc
1422 1121 1455 1179 in

123 1236 227 1276 meum
253 1235 340 1276 usum
367 1216 556 1276 describeret.
599 1213 735 1291 Cumque
760 1201 910 1274 videretur
933 1216 1008 1273 haec
1028 1215 1175 1274 Feliciani
1201 1234 1294 1294 opera
1319 1221 1457 1280 nonnihil

124 1318 266 1378 utilitatis
287 1317 397 1376 habere
424 1318 463 1376 ad
486 1315 696 1374 illustrandam
722 1315 889 1375 studiorum
916 1317 1177 1392 epigraphicorum
1197 1319 1368 1393 historiam,
1395 1322 1455 1380 iam

123 1418 336 1478 constituimus
357 1417 535 1494 opusculum
556 1417 686 1494 exiguae
707 1416 795 1475 molis
816 1435 882 1475 cum
897 1416 1060 1476 lectoribus
1074 1416 1162 1476 huius
1183 1418 1390 1494 ephemerides
1412 1423 1476 1480 ita⁴

124 1517 364 1592 communicare,
391 1526 424 1576 ut
443 1519 561 1578 litterae
586 1517 624 1581 ad
645 1517 788 1576 minorem
810 1517 963 1576 modulum
983 1517 1122 1577 redactae
1142 1519 1293 1580 coloribus
1313 1523 1456 1600 neglectis

123 1619 157 1676 in
180 1618 326 1695 peculiari
347 1618 448 1678 tabula
469 1619 543 1694 (tab.
559 1617 606 1693 11)
628 1619 849 1689 exhiberentur,
870 1635 937 1676 cum
956 1619 1125 1694 praeceptis
1147 1626 1246 1679 autem
1268 1640 1287 1679 a
1300 1623 1456 1684 Feliciano

124 1718 308 1796 excogitatis
329 1718 431 1777 Lucae
452 1718 591 1778 Paciuoli
611 1725 772 1794 praecepta
797 1725 1046 1794 componerentur
1066 1736 1126 1794 quo
1145 1719 1264 1781 facilius
1284 1721 1321 1782 de
1341 1725 1457 1784 ratione

124 1837 205 1895 quae
226 1820 306 1879 inter
325 1825 451 1897 utraque
471 1819 639 1891 intercedit,
660 1819 785 1878 iudicari
805 1818 954 1895 posset1).

252 2186 282 2242 Α
702 2101 890 2178 [Pactolus]

214 2337 332 2412 Questa
349 2337 445 2398 latera
457 2337 487 2397 Α
509 2338 536 2397 si
557 2357 632 2398 caua
646 2338 695 2397 del
709 2337 800 2397 tendo
822 2357 839 2397 e
861 2336 910 2396 del
931 2355 987 2397 suo
1002 2337 1133 2416 quadro:
1154 2341 1186 2400 la
1199 2343 1308 2422 gamba
1328 2345 1368 2405 da
1387 2365 1458 2408 man

128 2440 211 2498 drita
231 2440 284 2498 nol
305 2457 390 2498 esser
410 2457 518 2516 grossa
538 2439 605 2500 dele
626 2457 703 2498 noue
724 2440 803 2515 parti
824 2439 896 2498 luna
916 2439 953 2497 de
974 2439 1090 2500 lalteza
1133 2440 1180 2500 La
1200 2444 1308 2519 gamba
1328 2446 1458 2508 senistra

128 2539 183 2598 ucl
205 2556 290 2600 esser
302 2541 334 2599 la
347 2541 421 2598 mita
442 2539 479 2599 de
500 2540 532 2598 la
545 2540 653 2616 gamba
666 2557 780 2618 grossa.
813 2538 860 2598 La
873 2541 983 2616 gamba
997 2540 1034 2598 de
1055 2559 1140 2600 mezo
1154 2542 1206 2600 uol
1227 2561 1310 2604 esser
1323 2545 1355 2603 la
1374 2555 1458 2606 terza

127 2649 216 2718 parte
237 2640 273 2699 de
294 2641 325 2699 la
345 2642 455 2719 gamba
475 2657 590 2720 grossa.
634 2639 681 2699 La
703 2641 845 2718 largheza
866 2623 902 2722 de
924 2641 986 2699 dita
1006 2640 1101 2700 letera
1122 2642 1256 2703 cadauna
1275 2647 1384 2722 gamba
1403 2667 1458 2725 per

128 2759 217 2800 mezo
239 2741 276 2800 de
297 2742 328 2800 la
349 2741 494 2815 crosiera,
521 2742 622 2818 quella
648 2741 677 2800 di
703 2759 788 2800 mezo
815 2741 957 2817 alquanto
983 2741 1036 2818 pin
1061 2741 1153 2801 bassa
1179 2761 1294 2804 comme
1315 2747 1385 2805 uedi
1406 2749 1458 2825 qui

129 2843 228 2918 perli
251 2842 388 2902 diametri
409 2843 535 2920 segnati.

258 3213 281 3273 B

182 3452 184 3455 ι
218 3367 335 3443 Questa
354 3369 450 3428 letera
464 3369 518 3429 .B.
534 3371 561 3431 si
583 3387 728 3446 compone
749 3368 787 3427 de
808 3367 858 3426 dci
880 3367 963 3427 tondi
985 3387 1002 3427 e
1022 3369 1123 3445 quello
1144 3369 1180 3430 de
1196 3378 1276 3430 sotto
1298 3374 1342 3434 sie
1361 3374 1391 3434 lo
1406 3377 1459 3452 piu

133 3470 250 3546 grando
272 3469 310 3528 de
331 3469 353 3527 li
374 3486 453 3529 noue
474 3472 553 3548 parti
572 3471 652 3542 luna,
675 3470 739 3529 cioe
753 3469 804 3529 ucl
818 3486 900 3528 esser
921 3469 943 3527 li
957 3469 1064 3546 cinque
1085 3471 1157 3529 noni
1179 3471 1215 3530 de
1236 3472 1267 3530 la
1287 3491 1343 3532 sua
1363 3475 1459 3536 altena

134 3589 190 3646 per
211 3569 365 3629 diametro.
409 3572 436 3629 E
458 3573 559 3648 quella
584 3573 620 3631 de
642 3589 734 3648 sopra
754 3570 805 3628 uol
826 3569 952 3638 esser'li
972 3579 1080 3645 quatro
1101 3572 1175 3630 noni
1195 3572 1459 3636 medesimamente

135 3689 191 3746 per
205 3671 350 3730 diametro
366 3689 481 3736 comme
494 3674 546 3750 qui
564 3673 695 3750 desopra
707 3671 1033 3749 proportionatamente
1046 3671 1128 3748 negli
1141 3672 1209 3732 ochi
1223 3681 1253 3732 te
1266 3673 1299 3733 fa
1311 3685 1459 3751 presente.

261 3840 290 3900 C

220 3995 337 4071 Questa
360 3995 466 4056 lettera
487 3993 544 4057 .C.
572 4015 606 4064 se
631 4015 706 4056 caua
731 3996 780 4055 del
806 3993 898 4054 toudo
924 4014 941 4054 e
963 3993 1013 4055 del
1039 4012 1094 4054 suo
1121 3997 1236 4073 quadro
1261 3999 1460 4075 ingrossando

135 4099 167 4158 la
184 4105 293 4175 quarta
305 4104 391 4176 parte
412 4099 449 4156 de
463 4098 527 4157 iore
548 4115 691 4156 cancora
712 4097 749 4154 de
770 4095 884 4155 dentro.
917 4094 965 4154 La
979 4103 1057 4154 testa
1077 4095 1116 4155 de
1136 4113 1225 4172 sopra
1244 4099 1349 4159 fluesci
1371 4118 1462 4180 sopra

216 4305 240 4367 ¹)
259 4305 386 4356 Feliciaui
404 4307 485 4358 verba
506 4321 540 4356 ex
558 4305 648 4358 Ruhlii
667 4304 831 4370 apographo,
855 4305 942 4354 Lucae
960 4303 1078 4354 Paciuoli
1100 4319 1134 4354 ex
1160 4306 1279 4372 exemplo
1304 4308 1374 4373 quod
1397 4311 1461 4360 ami·

137 4399 255 4450 sissimus
272 4397 338 4448 mihi
356 4397 395 4448 Μ.
413 4397 544 4448 dardanus
563 4397 746 4458 commodavit,
766 4401 885 4446 accurate
903 4395 1073 4459 exprimenda
1091 4396 1186 4458 curavi,
1210 4385 1248 4446 iia
1266 4402 1353 4448 tamen
1370 4404 1400 4448 ut
1417 4414 1461 4450 ue·

138 4503 188 4556 que
206 4503 290 4539 nexus
308 4489 450 4538 litterarum
469 4503 552 4554 neque
570 4493 668 4538 ceteras
687 4493 762 4537 notas
782 4500 889 4552 quarum
908 4485 1013 4550 quidem
1035 4486 1173 4550 explicatio
1197 4492 1266 4537 certa
1284 4494 1352 4538 esset
1368 4489 1462 4542 retine·

136 4595 207 4642 rem;
231 4581 295 4629 item
313 4593 346 4630 ne
364 4579 469 4644 legendi
487 4579 666 4629 difficultatem
684 4578 740 4628 sine
758 4577 869 4626 utilitate
887 4590 1020 4641 augerem,
1045 4576 1126 4626 verba
1142 4577 1197 4627 tere
1216 4578 1250 4628 ad
1268 4583 1383 4628 nostram
1401 4594 1462 4631 cou-

136 4672 299 4722 suetudinem
318 4670 434 4720 distinxi.
472 4668 592 4721 Ceterum
610 4668 639 4718 in
656 4667 768 4718 Jordani
790 4666 909 4732 exemplo
928 4667 1013 4732 operis
1031 4666 1149 4718 Paciuoli
1168 4667 1345 4718 desiderantur
1361 4669 1463 4721 litterae

137 4776 205 4828 quae
225 4768 284 4811 sunt
301 4773 318 4816 ι,
338 4767 365 4810 et
383 4774 413 4824 z3
439 4775 504 4827 quae
521 4775 555 4811 ne
577 4759 621 4809 hic
640 4773 741 4824 quoque
760 4757 981 4819 desiderarentur,
1005 4757 1087 4809 trater
1108 4772 1180 4808 meus
1197 4757 1367 4810 bibliothecas
1384 4759 1463 4811 Urbis

137 4867 312 4929 perscrutatus
337 4867 384 4912 ert.
422 4860 455 4910 In
479 4860 556 4923 unico
579 4865 666 4910 autem
690 4859 760 4923 quod
783 4858 896 4923 repperit
918 4857 1038 4922 exemplo
1061 4857 1232 4909 bibliothecae
1255 4857 1424 4911 cousinianae
1446 4873 1463 4918 z

138 4964 227 5014 littera
244 4975 297 5012 non
309 4961 395 5011 minus
412 4973 489 5025 qnam
507 4959 535 5010 in
547 4959 693 5012 Jordauiau
705 4956 853 5008 otntercidit
864 4956 974 5022 ideoque
986 4955 1053 5007 nihil
1065 4957 1115 5006 nisi
1128 4971 1160 5008 ea
1177 4971 1244 5022 quae
1262 4957 1296 5008 ad
1314 4971 1331 5013 ι
1351 4959 1463 5012 litteram

137 5065 277 5129 pertinent,
290 5061 377 5112 fratris
390 5059 515 5110 beneflcio
529 5059 571 5109 hic
583 5059 695 5109 inserere
706 5055 788 5123 potui.
802 5078 836 5090 -
855 5053 927 5115 Quae
940 5062 984 5105 aut
996 5055 1116 5108 addenda
1128 5063 1173 5107 ant
1184 5058 1336 5124 corrigenda
1347 5059 1463 5110 videren-

138 5162 181 5205 tnr
193 5153 295 5205 usitatis
307 5152 388 5218 signis
399 5150 521 5202 iudicavi.
547 5147 826 5202 NonnullosFeliciani
836 5145 919 5195 libelli
929 5146 1002 5197 locos
1013 5147 1161 5198 felicissime
1173 5149 1464 5215 emendavitAdolphus

140 5245 246 5308 Tobler,
266 5245 307 5295 cui
326 5257 391 5310 quae
410 5241 551 5292 debeantur
568 5241 645 5290 facile
661 5240 770 5290 lectores
788 5237 949 5304 perspicient.
