3568 6070
291 623 364 696 194
878 638 1024 690 saunas

287 814 367 874 Huic
396 814 492 887 enirn,
520 814 631 892 quippe
657 831 717 890 quo
740 811 931 872 Domitianus
953 811 1051 870 XIIII
1074 817 1105 871 et
1124 807 1162 869 1..
1185 809 1334 871 Minucius
1355 811 1454 870 Rufus
1477 809 1615 872 consules

288 916 431 979 ordinarii
452 915 668 994 processerint,
690 922 759 974 ante
780 915 860 974 diem
881 931 952 973 vero
973 911 1068 972 XVII
1089 913 1119 972 k.
1140 912 1238 972 Maias
1260 911 1286 972 L
1293 954 1421 973 .........
1443 922 1474 972 et
1495 912 1614 972 Plotius

289 1016 415 1095 Grypus
436 1017 698 1094 lasces'gesserint
718 1015 789 1091 (act
807 1017 880 1075 Arv.
903 1036 930 1075 a.
946 1015 1011 1091 87),
1033 1033 1130 1091 neque
1144 1015 1377 1091 quadrimestn'a
1390 1033 1446 1074 nec
1460 1013 1617 1074 semestris

287 1119 421 1180 nuudIua
442 1125 513 1196 apta
534 1127 618 1192 snnt3
639 1117 804 1178 trimestria
825 1125 923 1177 autem
944 1136 1011 1176 cum
1032 1117 1089 1176 hac
1111 1126 1191 1176 certe
1205 1123 1301 1177 aetate
1316 1117 1401 1176 nulla
1414 1116 1536 1190 fuerint,
1558 1133 1615 1175 non

287 1228 402 1282 restant
413 1221 481 1284 ,nisi
495 1220 651 1281 bimestris
665 1219 739 1280 sola
776 1218 824 1278 De
846 1237 925 1278 anno
941 1219 979 1278 87
1002 1218 1101 1278 minus
1115 1227 1242 1278 constat.
1278 1218 1325 1278 Eo
1340 1237 1420 1278 auno
1435 1235 1504 1278 cunr
1519 1218 1616 1278 fasces

288 1322 457 1382 ordinarios
468 1321 661 1382 Domitianus
671 1322 751 1381 XIII
765 1339 831 1382 cum
844 1319 1017 1382 L.Volusi0
1029 1317 1191 1381 Saturnino
1201 1321 1393 1396 suscepIsset,
1408 1321 1488 1380 inter
1499 1321 1565 1380 dies
1572 1320 1617 1379 VI

287 1425 355 1484 idus
367 1423 526 1484 Ianuarias
548 1433 578 1484 et
595 1423 644 1484 XI
657 1423 801 1484 kalendas
816 1421 998 1482 Februarias
1019 1423 1191 1499 imperatori
1213 1421 1355 1482 suffectus
1372 1431 1420 1482 est
1434 1421 1617 1498 Calpurnius
1668 1413 1671 1420 ’

288 1527 409 1604 quidam
423 1533 579 1605 praeterea
591 1526 727 1604 ignotusr
750 1523 857 1584 deinde
872 1543 898 1582 a.
915 1523 944 1582 d.
959 1523 1056 1585 XIIII
1070 1524 1216 1584 kalendas
1230 1524 1334 1584 lunius
1354 1523 1389 1584 Ο.
1405 1523 1543 1584 Bellicus
1556 1524 1617 1584 Na-

288 1628 357 1687 talis
372 1627 564 1688 Tebanianus
585 1635 616 1687 et
637 1625 671 1687 0.
694 1626 848 1686 Ducenius
869 1625 1018 1686 Proculus
1039 1625 1179 1685 consules
1199 1625 1401 1700 nominantur,
1422 1643 1530 1685 mense
1546 1623 1617 1703 Sep-

288 1729 395 1790 tembri
413 1728 539 1790 Priscus
561 1728 682 1806 quidam
704 1746 771 1787 cum
794 1727 911 1806 collega
930 1719 1043 1804 ig'uoto.
1078 1727 1127 1786 De
1148 1727 1205 1787 hoc
1225 1727 1318 1805 igitur
1338 1745 1416 1788 auno
1438 1727 1519 1787 nibil
1540 1727 1618 1786 111111

288 1831 437 1890 affirmare
457 1831 529 1890 litet
550 1829 609 1890 nisi
630 1829 804 1889 consulatus
818 1830 883 1888 eius
896 1837 1058 1889 semestres
1073 1847 1133 1888 non
1148 1829 1252 1889 fuisse.
1289 1831 1326 1889 In
1341 1837 1506 1908 quaternos
1521 1839 1617 1890 autem

287 1950 407 1994 menses
432 1932 609 2009 plerumque
635 1951 654 1990 1
677 1931 853 1991 Domitiano
880 1931 1054 1990 consulatus
1082 1930 1169 1989 datos
1196 1949 1263 1990 esse
1292 1941 1488 1991 monumenta
1514 1932 1618 1990 condr-

288 2042 371 2094 mant
390 2035 429 2094 ad
450 2051 545 2094 anuos
563 2032 612 2092 89.
632 2033 683 2093 91.
703 2032 742 2092 92
764 2033 953 2109 pertiuentia.
997 2033 1088 2091 Anno
1102 2033 1141 2092 89
1164 2032 1308 2092 ordinarii
1330 2033 1470 2094 consules
1495 2033 1533 2092 T.
1556 2035 1617 2092 Au·

287 2137 379 2196 relius
401 2135 517 2195 Fulvus
539 2144 570 2194 et
589 2135 747 2194 Atratinus
768 2134 869 2194 nescio
891 2135 958 2210 quis
979 2153 1033 2210 per
1054 2151 1173 2193 menses
1198 2135 1387 2207 Ianuarium,
1409 2133 1618 2206 Februarium,

287 2237 442 2308 Martium,
464 2237 600 2312 Aprilem
622 2236 799 2314 magistratu
820 2235 914 2294 iuncti
936 2243 1019 2296 sunt:
1046 2236 1077 2294 in
1099 2236 1175 2294 actis
1197 2235 1277 2295 enim
1299 2236 1455 2294 Arvalium
1480 2255 1537 2315 per
1557 2255 1617 2295 om-

287 2357 341 2398 ncs
375 2339 430 2397 bos
458 2355 577 2397 menses
604 2336 734 2396 iormula
761 2355 838 2414 quae
866 2345 913 2396 est
942 2339 1031 2396 isdem
1057 2337 1216 2397 normalibus
1244 2337 1467 2414 praescribitur.
1526 2339 1563 2396 A.
1589 2338 1616 2395 d.

287 2439 394 2498 deiude
414 2439 512 2499 XIIII
533 2439 679 2498 kalendas
693 2439 796 2498 lunias
818 2438 992 2498 Peducaeus
1010 2437 1176 2500 Saenianus
1199 2457 1264 2498 cum
1287 2438 1413 2516 collega,
1437 2447 1469 2497 ut
1493 2439 1617 2512 videtur,

288 2540 433 2602 Sallustio
458 2541 570 2600 Blaeso
597 2540 753 2600 consulatu
781 2539 928 2618 iungitur:
958 2541 1116 2599 Atratinus
1141 2539 1232 2616 igitur
1258 2549 1287 2599 et
1315 2539 1433 2599 Fulvus
1462 2543 1539 2618 quin
1567 2559 1617 2618 per

287 2651 428 2719 quattuor
449 2660 567 2702 menses
588 2641 688 2700 fasces
710 2641 859 2718 gesserint
878 2641 1008 2701 dubitari
1030 2641 1142 2717 nequit.
1186 2642 1276 2700 Anno
1297 2660 1387 2718 porro
1409 2642 1447 2702 91
1477 2662 1539 2702 nou
1566 2644 1617 2703 mi-

287 2763 345 2804 nus
365 2752 506 2820 quattuor
527 2759 645 2802 menses
666 2742 708 2801 M.
729 2741 854 2819 Ulpium
876 2740 1041 2802 Traianum
1068 2751 1098 2802 et
1119 2741 1169 2801 M)
1192 2742 1322 2802 Acilium
1347 2741 1544 2804 Glabrionem
1565 2745 1616 2804 ho-

287 2862 360 2902 nore
383 2862 452 2904 usos
474 2861 541 2904 esse
562 2843 631 2902 inde
653 2843 812 2920 colligitur,
835 2844 916 2922 quod
938 2844 1013 2903 actis
1035 2843 1193 2904 Arvalium
1216 2844 1341 2904 111190
1364 2845 1551 2923 adscriptum
1572 2855 1617 2906 est

288 2945 413 3004 Traiani
434 2964 543 3004 nomen
564 2944 688 3021 diesque
709 2943 922 3005 1111111111
943 2947 1050 3005 Maias.
1093 2945 1233 3022 Denique
1255 2947 1324 3005 unni
1340 2945 1379 3006 92
1403 2948 1614 3007 documentum

288 3055 426 3124 superest
447 3046 486 3104 ad
506 3046 709 3123 quaestionem
733 3045 770 3104 de
793 3045 1001 3106 consulatuum
1024 3048 1080 3108 sub
1102 3047 1278 3107 Domitiano
1299 3054 1434 3124 tempore
1455 3049 1616 3120 diiudican-

286 3148 355 3206 dum
381 3148 468 3226 longe
493 3148 722 3226 gravissimum,
748 3149 894 3208 fastorum
914 3148 983 3207 dico
1007 3147 1191 3209 Ostiensiurn
1214 3149 1375 3208 frustulum
1401 3149 1469 3225 (Or.
1492 3150 1615 3211 chzen

287 3249 393 3325 6446),
416 3249 578 3308 seeundum
599 3267 676 3326 quos
698 3250 836 3309 kalendis
851 3251 1000 3310 Ianuariis
1015 3251 1146 3310 inierunt
1158 3250 1353 3310 Domitianus
1368 3251 1446 3310 XVI
1461 3261 1492 3311 et
1508 3251 1614 3327 (111-

285 3349 382 3410 lusius
409 3349 602 3424 Saturninus,
628 3369 754 3427 quorum
780 3351 829 3410 ille
849 3339 953 3411 idibus
978 3352 1127 3411 Ianuariis
1152 3352 1188 3410 L.
1205 3351 1384 3412 Venuleium
1406 3355 1614 3432 Apronianum

287 3454 344 3512 sibi
367 3454 549 3529 surrogavit:
572 3453 666 3512 secuti
690 3461 759 3512 sunt
780 3453 917 3512 kalendis
940 3453 1029 3512 Maiis
1051 3453 1087 3512 L.
1104 3451 1262 3514 Stertinius
1279 3453 1387 3532 Avitus
1409 3463 1439 3514 11
1453 3455 1502 3514 Ti.
1520 3456 1614 3516 Iulius

285 3555 364 3613 Polo
390 3555 521 3614 Metinus
550 3554 601 3630 (ci.
630 3555 690 3612 tab.
718 3554 787 3612 hon.
817 3555 900 3612 miss.
931 3555 990 3612 vol.
1009 3553 1074 3625 III,
1093 3553 1190 3630 XV),
1218 3555 1358 3614 kalendis
1388 3555 1612 3634 Septembribus

286 3655 321 3716 0.
344 3656 441 3715 lulius
463 3653 585 3716 Silanus
612 3653 702 3728 etQ.
724 3655 907 3714 Articuleius
930 3655 1051 3714 Paetus.
1096 3653 1159 3715 Sub
1186 3657 1313 3734 imperio
1333 3657 1426 3734 Igitur
1448 3658 1612 3718 Domitiani

285 3758 458 3817 consulatus
486 3757 658 3834 plerumque
687 3757 808 3832 quidem
837 3757 1072 3833 quadrimestres
1102 3757 1238 3829 fuerunt,
1268 3758 1416 3818 interdum
1446 3761 1612 3833 bimestres,

286 3860 442 3934 deliaque
464 3857 591 3934 optime,
618 3867 652 3916 ut
672 3857 803 3929 solebat,
829 3857 972 3916 iudicavit
993 3857 1188 3934 Borghesius.
1232 3858 1298 3918 Nec
1317 3861 1416 3920 minus
1437 3870 1518 3920 recte
1538 3861 1611 3921 Ner·

285 3979 340 4019 vae
353 3959 538 4034 Traianique
559 3966 657 4018 aetate
678 3959 801 4017 eandem
823 3959 885 4018 lere
906 3959 1052 4018 rationem
1074 3961 1263 4020 observatam
1285 3979 1352 4021 esse
1375 3962 1488 4036 statuit,
1512 3981 1611 4040 quam·

285 4079 375 4138 quam
396 4060 529 4138 regulam
552 4059 635 4118 illam
658 4077 869 4136 nonnunquam
891 4061 1055 4137 neglectam
1078 4080 1241 4121 essemus
1263 4062 1441 4122 videbimus.

367 4162 416 4221 De
436 4162 484 4234 iis,
506 4161 558 4238 qui
580 4161 635 4220 sub
656 4161 759 4232 Nerva
781 4169 810 4220 et
831 4161 964 4220 Traiano
987 4163 1173 4222 consulatum
1195 4173 1362 4240 gesserunt,
1387 4171 1459 4240 post
1478 4165 1611 4244 Borghe-

285 4264 362 4322 sium
391 4263 440 4338 (iu
461 4263 549 4322 fastis
570 4261 705 4338 ineditis)
732 4281 827 4339 nuper
849 4262 1053 4322 Mommseuus
1078 4263 1108 4322 in
1130 4263 1262 4324 Hermae
1284 4265 1343 4324 vol.
1357 4265 1408 4325 III
1429 4287 1458 4344 p.
1478 4265 1536 4328 136
1548 4284 1609 4342 seq.

284 4364 328 4421 ita
348 4365 418 4440 egit,
439 4372 472 4422 ut
492 4381 588 4440 pauca
609 4371 724 4423 tantum
746 4363 922 4440 corrIgenda
943 4365 1004 4423 sint
1024 4367 1225 4425 monumentis
1247 4385 1343 4444 nuper
1365 4365 1490 4428 detectis
1507 4376 1610 4444 postea

284 4462 442 4522 illustrata.
484 4464 529 4524 Ut
554 4445 730 4524 consulatus
759 4466 836 4524 alter
858 4463 929 4526 Sex.
955 4465 1027 4524 Iulii
1049 4465 1186 4525 Frontiui
1212 4486 1252 4526 ex
1280 4469 1413 4528 111197
1437 4470 1476 4528 ad
1501 4487 1607 4528 annum

285 4564 504 4624 tmnslerendus
526 4566 648 4638 11198,
671 4583 731 4643 quo
754 4565 897 4626 suffectus
919 4565 1040 4628 Nervae
1060 4568 1199 4627 defuncto
1222 4588 1283 4628 111
1303 4587 1371 4629 cum
1393 4571 1524 4630 Traiano
1546 4573 1610 4630 Au-

285 4671 373 4738 gusto
394 4664 490 4724 111111
512 4669 608 4742 gessit
628 4667 679 4742 (11.
702 4667 784 4726 Bull.
804 4667 950 4727 dcll't'ust.
970 4670 1140 4729 11111871
1167 4689 1197 4747 p.
1215 4671 1288 4741 1453
1311 4671 1370 4729 vol.
1387 4671 1436 4729 III
1457 4673 1516 4732 tub.
1539 4674 1605 4731 hon.

285 4763 370 4818 miss.
391 4782 420 4819 n.
435 4765 539 4840 XIX),
561 4768 688 4842 expulso
710 4787 750 4828 ex
770 4788 806 4828 eo
827 4769 894 4827 loco
918 4767 1025 4829 Flavio
1045 4771 1171 4842 Libone,
1194 4789 1283 4848 quem
1303 4771 1384 4832 infra
1403 4793 1432 4851 p.
1451 4773 1508 4833 196
1530 4793 1559 4831 1.
1577 4773 1606 4848 1)

286 4860 453 4920 videbimus
480 4863 518 4920 ad
539 4865 632 4925 alium
654 4887 762 4927 annum
785 4870 941 4944 pertinere.
985 4871 1061 4930 Item
1091 4872 1243 4930 1111101
1272 4891 1334 4931 una
1358 4891 1425 4933 cum
1445 4873 1606 4934 Articuleio

286 4957 381 5016 Paeto
402 4961 590 5023 consulatum
611 4966 836 5028 administrasse
852 4967 924 5031 Sex.
940 4971 1055 5032 Attium
1071 4969 1261 5033 Subruannm
1281 4981 1351 5034 acta
1364 4973 1521 5034 Arvalium
1542 4975 1604 5033 eius

286 5057 357 5115 anni
381 5060 551 5120 ostendunt.
599 5065 688 5125 Anno
715 5075 814 5128 autem
839 5069 895 5128 107
923 5071 1028 5131 tabula
1053 5074 1197 5133 honestae
1223 5074 1378 5134 missionis
1397 5073 1603 5137 11θί1111111-

285 5156 387 5231 gensis
409 5161 547 5220 uonsules
569 5162 603 5224 G.
625 5166 780 5226 Minicium
801 5168 979 5231 Fundanum
1000 5181 1032 5232 et
1052 5171 1085 5233 Ο.
1101 5174 1296 5235 Vettennium
1316 5175 1426 5236 Rufum
1448 5175 1603 5244 vindicavit

287 5251 337 5325 (ul.
360 5258 420 5330 III,
439 5261 556 5332 XXIV3
583 5264 684 5326 Christ
706 5267 892 5346 Militdrdrpt
916 5292 970 5332 unu
990 5273 1185 5353 Weisseuburp
1203 5275 1311 5353 1868),
1334 5278 1385 5355 qui
1406 5287 1505 5339 utrum
1526 5277 1600 5338 anuo
