3620 6080
534 650 833 720 oasunvnrroune
850 659 971 718 aruer.
990 663 1042 716 rx.
1061 665 1098 716 x.
1408 647 1478 719 221

152 765 306 776 ου--ι-

152 837 232 896 ravit
252 836 401 895 elementa
419 853 479 895 non
502 835 701 912 perdidicerit.
736 835 816 896 Nam
838 835 917 912 adp
939 854 1033 912 nsque
1055 823 1240 911 exemplaria
1253 855 1313 896 non
1328 835 1482 906 differunt3

152 935 259 995 deinde
280 954 357 1012 quae
379 937 539 1013 requiritur
559 937 689 996 litteras
711 937 798 996 adest
811 936 843 996 in
858 937 988 996 secundo
1003 935 1157 1013 adicitque
1172 937 1298 996 fortasse
1313 939 1343 996 in
1359 943 1480 1015 qnart03

151 1046 184 1094 at
204 1036 237 1095 in
258 1037 356 1113 primo
377 1037 494 1096 intrusa
515 1046 562 1096 est
582 1037 647 1096 eius
669 1038 737 1096 loco
758 1037 897 1113 litterap
921 1037 958 1094 ab
974 1038 1031 1095 hoo
1045 1045 1125 1096 certe
1139 1037 1204 1096 loco
1219 1038 1327 1096 aliena.
1364 1037 1482 1098 Deinde

150 1137 338 1197 rtlitterac
364 1137 396 1196 in
422 1138 590 1214 alphabetis
617 1145 668 1197 aut
694 1146 763 1197 sunt
788 1147 840 1196 aut
861 1137 998 1196 videntur
1022 1136 1127 1196 fuisse.
1175 1137 1315 1214 Denique
1341 1147 1482 1214 quattuor

151 1244 303 1297 extremae
331 1237 450 1297 litterae
476 1238 508 1296 in
534 1239 602 1296 solo
632 1238 765 1298 secundo
792 1237 951 1316 alphabeto
981 1243 1170 1314 comparent,
1199 1239 1253 1297 sed
1279 1247 1312 1297 ut
1338 1258 1357 1296 a
1382 1239 1483 1316 littera

150 1339 282 1398 litteram
303 1350 328 1415 φ
349 1357 410 1397 non
431 1339 599 1416 praecedat,
622 1340 674 1398 sed
689 1347 841 1414 sequatur.
878 1337 952 1396 Tria
972 1337 1090 1414 reliqua
1110 1339 1217 1397 litteris
1239 1359 1258 1396 u
1272 1329 1303 1404 ds
1311 1339 1483 1413 s.caruissc

151 1437 290 1497 videntur
310 1438 412 1514 itaque
433 1439 568 1500 finivisse
589 1440 621 1498 iu
642 1450 676 1515 φ,
698 1439 758 1498 nisi
779 1438 861 1514 quod
882 1439 1020 1514 primum,
1043 1455 1108 1496 cum
1131 1439 1162 1496 id
1183 1439 1282 1515 ipsum
1302 1439 1481 1500 elementum

150 1539 341 1618 praeceperit
358 1539 425 1598 loco
446 1539 564 1598 litterae
586 1557 610 1610 r,
633 1539 744 1599 desinit
764 1539 795 1598 in
818 1529 864 1596 Τ.

235 1640 300 1698 Iam
322 1659 388 1699 curn
403 1639 576 1712 viderimus,
598 1647 739 1717 quattuor
760 1639 814 1699 illa
833 1640 992 1716 alphabeta
1006 1633 1308 1716 quomodoordinata
1323 1641 1393 1711 sint,
1414 1641 1482 1718 ipsa

151 1740 338 1812 confirmant,
360 1759 437 1817 quae
451 1742 501 1799 vel
522 1761 562 1800 ex
583 1741 648 1800 loco
671 1760 730 1818 quo
752 1749 870 1817 reperta
885 1748 953 1799 sunt
967 1741 1127 1817 colligitur,
1150 1742 1296 1819 originem
1311 1741 1479 1800 Etruscam.

149 1841 270 1900 Desunt
291 1841 370 1922 enim
392 1841 538 1901 elementa
559 1843 674 1918 bdoq
691 1861 711 1899 a
732 1843 769 1900 ab
791 1841 929 1900 Etruscis
951 1850 1066 1900 mature
1088 1841 1225 1916 expulsa,
1247 1841 1334 1901 adest
1355 1843 1483 1901 elemen-
1571 1914 1574 1920 Ι

150 1951 213 1999 tum
237 1929 262 2006 8
284 1942 348 2000 sive
363 1944 388 2016 s
404 1943 441 2000 ab
455 1941 561 2001 iisdem
576 1942 614 2002 ad
629 1951 752 2020 accepta
766 1962 784 2000 a
799 1941 925 2002 Graecis
941 1943 1097 2001 adiectum.
1136 1940 1367 2019 comparatione
1383 1951 1481 2002 autem

149 2041 289 2101 instituta
316 2042 541 2118 alphabetorum
564 2042 755 2103 Clusinorum
782 2062 849 2101 cum
877 2043 1015 2102 Etruscis
1034 2043 1165 2118 reliquis
1193 2043 1265 2102 haec
1291 2043 1483 2102 inveniuntur

149 2143 275 2220 propria
295 2151 325 2202 et
346 2144 500 2203 notabilia
1293 2197 1295 2202 .

193 2292 196 2296 .
238 2245 264 2302 1.
298 2239 470 2321 Alphabeta
484 2245 613 2304 Etrusca
626 2245 763 2323 vulgaria
784 2262 851 2303 cum
872 2245 1003 2303 habeant
1024 2243 1153 2303 litteram
1176 2263 1200 2316 c,
1223 2244 1360 2304 omittant
1382 2246 1410 2316 lc,
1434 2247 1482 2303 hio

150 2365 168 2403 e
190 2345 341 2404 contrario
363 2345 383 2402 lc
403 2346 498 2417 adest,
520 2347 605 2406 abest
625 2367 649 2404 c.
687 2344 776 2418 Quod
796 2363 978 2422 quamquam
992 2364 1103 2404 novum
1119 2352 1174 2416 est,
1197 2352 1296 2403 tamen
1311 2355 1391 2406 recte
1404 2363 1483 2404 com·

149 2454 279 2522 ponetur
300 2465 366 2506 cum
388 2447 550 2523 alphabeto
565 2447 693 2506 Etrusco
712 2447 828 2505 vasculi
842 2443 953 2504 Nolani
974 2446 1085 2522 prioris
1105 2447 1125 2504 l.
1142 2465 1166 2504 c.
1186 2464 1209 2502 a
1230 2465 1277 2504 me
1299 2447 1381 2517 editi,
1404 2447 1484 2508 ubic

150 2547 197 2606 bis
219 2547 364 2623 repetitur
385 2560 415 2606 et
435 2565 489 2607 suo
511 2548 578 2607 loco
600 2557 630 2605 et
650 2549 716 2605 loco
737 2547 855 2606 litteras
877 2547 905 2605 lc.
948 2546 1088 2622 Denique
1111 2565 1130 2604 a
1150 2546 1246 2604 titulis
1269 2547 1482 2607 vetustioribus

149 2646 329 2724 Etrnsols1)
358 2656 391 2707 ut
416 2649 455 2708 ab
482 2649 606 2709 Umbris
633 2648 745 2725 pariter
774 2657 863 2724 atque
890 2648 928 2706 ab
953 2649 1012 2706 hoc
1037 2647 1198 2724 alphabeto
1225 2649 1311 2706 abest
1337 2667 1365 2718 c,
1398 2647 1484 2708 adest

151 2749 216 2807 eius
239 2751 307 2808 loco
330 2750 357 2808 lc'.
818 2771 821 2776 ·

237 2848 265 2908 2.
303 2848 379 2909 (lum
407 2851 586 2909 clementum
612 2871 626 2910 s
653 2851 684 2909 in
706 2849 836 2910 Etrusca
862 2851 1032 2908 litteratura
1057 2849 1169 2926 duplex
1197 2849 1236 2907 sit
1264 2865 1288 2906 n
1315 2855 1386 2924 post
1402 2869 1440 2925 p,
1466 2863 1483 2905 s

151 2960 223 3028 post
243 2969 269 3022 r,
291 2951 323 3009 in
344 2951 512 3028 alphabetis
532 2953 581 3009 his
604 2950 738 3012 Clusinis
761 2952 818 3010 hoc
840 2950 957 3010 videtur
978 2950 1151 3009 desiderari.

237 3051 266 3109 3.
299 3051 335 3111 ln
356 3051 518 3128 alphabeto
540 3054 671 3112 secundo
692 3053 824 3111 cernitur
843 3052 944 3111 littera
962 3070 981 3108 u
999 3052 1067 3110 loco
1081 3058 1173 3124 mota,
1196 3051 1310 3111 scilicet
1324 3069 1363 3110 ex
1379 3057 1484 3128 quarto

153 3172 171 3212 a
192 3154 252 3212 line
273 3153 341 3212 loco
362 3153 509 3212 translata
531 3153 563 3212 in
583 3154 717 3225 tertium3
739 3155 798 3212 tria
818 3163 918 3212 autem
938 3152 1056 3228 reliqua
1075 3151 1235 3228 alphabeta
1254 3159 1356 3210 carent
1376 3152 1484 3210 litteris

152 3253 249 3312 tribus
265 3271 286 3311 u
300 3255 364 3330 pf,
386 3273 463 3330 quae
484 3254 599 3314 litterae
620 3255 652 3312 in
673 3254 831 3330 alphabeto
854 3251 994 3323 secundo,
1017 3253 1069 3310 ubi
1091 3271 1110 3308 a
1132 3253 1388 3327 antepaenultima
1405 3251 1485 3311 lacta

152 3362 209 3424 est,
231 3364 384 3414 extremae
406 3363 485 3414 sunt.
522 3355 658 3415 Omissio
680 3355 755 3414 haec
777 3353 842 3412 eine
864 3353 954 3412 dubio
976 3353 1053 3410 redit
1073 3352 1110 3410 ad
1133 3352 1229 3410 solam
1251 3351 1411 3412 scribentis
1433 3370 1484 3411 ne·

153 3455 349 3532 glegentiam3
371 3475 427 3515 neo
448 3457 546 3526 video,
568 3456 640 3532 quid
661 3455 743 3514 alind
766 3456 889 3514 subesse
911 3453 1009 3530 possit
1030 3453 1123 3512 mirae
1144 3451 1189 3511 illi
1210 3451 1326 3510 litterae
1348 3470 1368 3508 u
1388 3446 1483 3510 hans·

153 3557 309 3633 positioni.
510 3551 514 3556 ’
592 3627 594 3630 ,
859 3537 864 3624 s

237 3659 267 3716 4.
303 3655 458 3735 Scriptura
479 3665 621 3736 quattuor
636 3657 861 3734 alphabetorum
877 3674 895 3714 a
911 3654 1035 3714 sinistra
1049 3651 1239 3712 dextrorsum
1255 3653 1389 3731 procedit
1403 3673 1485 3710 more

153 3757 275 3818 Latino.
1266 3757 1268 3762 ’

719 3865 923 3876 ...a-...nn—

496 4061 538 4122 x.
580 4013 851 4120 runuouwn
882 4035 1145 4116 'ruamurv'n

240 4215 388 4276 Flaminis
410 4216 609 4276 sacerdotium
630 4222 660 4274 et
672 4217 854 4290 flammatum
874 4193 955 4277 recte
977 4213 1037 4272 dioi
1059 4213 1261 4288 etfluraouium
1282 4218 1413 4282 constat3
1428 4211 1485 4286 fla·

155 4321 273 4378 miru'um
294 4326 402 4392 autern,
424 4335 486 4394 qua
505 4318 603 4377 forma
623 4315 712 4374 hodie
732 4315 979 4392 vul'govntuntnr,
1000 4313 1080 4373 haud
1103 4314 1165 4374 scio
1187 4332 1226 4372 an
1247 4312 1320 4371 satie
1342 4310 1484 4372 Latinum

156 4439 218 4479 non
240 4419 288 4479 sit.
324 4417 404 4478 Nam
425 4419 504 4478 tituli
525 4417 576 4494 qui
598 4424 703 4476 extant
723 4423 843 4494 praeter
855 4417 1024 4490 flammatus
1040 4415 1219 4473 vocabulum
1234 4431 1294 4472 non
1309 4419 1484 4490 agnoscunt,

156 4521 238 4596 qnod
260 4519 380 4596 quidem
402 4519 504 4590 sciam,
526 4519 584 4578 nisi
604 4518 731 4577 alterum
745 4519 885 4593 flamonii,
908 4515 989 4592 quod
1009 4515 1125 4592 legitur·
1138 4516 1169 4574 in
1184 4513 1411 4574 titulis-Dacico
1427 4531 1485 4570 uno

155 4621 377 4693 111‚1134=
399 4619 487 4680 Grut.
506 4619 579 4691 195,
600 4619 635 4690 5,
661 4617 808 4693 Hispanis
829 4615 970 4692 quattuor
990 4616 1036 4689 II,
1058 4615 1148 4675 1936.
1170 4615 1260 4674 1939.
1281 4612 1372 4674 2195.
1394 4599 1485 4684 2221,
1603 4597 1606 4604 ’

155 4722 313 4782 Africanis
340 4721 470 4796 quinque
490 4720 571 4797 apud
591 4719 766 4778 Renierium
791 4736 821 4774 n.
843 4715 932 4775 1428.
958 4715 1047 4774 1429.
1072 4716 1161 4776 1730.
1186 4710 1266 4774 1824
1289 4714 1341 4790 (·--·
1360 4713 1486 4774 Henaen
1514 4748 1517 4752 -

157 4823 265 4898 5317).
289 4821 386 4892 3096,
415 4821 545 4880 fortasse
573 4819 663 4880 etiam
689 4819 720 4878 ia
748 4816 825 4876 aliis.
873 4816 965 4892 Apud
993 4824 1130 4876 auctores
1159 4833 1263 4875 rernm
1288 4824 1336 4875 est
1355 4815 1487 4890 flamonia·

155 4923 339 4982 vocabulum
360 4921 448 4980 hodie
468 4927 564 5000 paene
586 4920 787 4980 oblitteratum
808 4933 900 4989 esser
917 4926 997 4978 certe
1018 4927 1164 4995 quantum
1185 4915 1256 4990 vidi,
1277 4917 1376 4976 locum
1399 4933 1485 4976 suum
1573 4945 1579 4955 ·

236 5193 261 5257 ¹)
289 5195 418 5260 Exempla
435 5155 582 5262 suppeditat
595 5194 782 5248 conestabilius
800 5193 828 5244 ln
846 5191 982 5257 splendido
995 5205 1073 5257 opere
1083 5192 1214 5244 amsani
1225 5190 1338 5244 stmschs
1350 5206 1363 5243 e
1375 5197 1483 5244 macc·

159 5289 240 5340 latiae
258 5283 328 5338 della
344 5275 458 5355 adasa
475 5285 505 5337 di
520 5283 628 5339 suem
647 5285 804 5348 (Florentiae
824 5281 905 5346 1858)
924 5282 1064 5350 pxc1v0
