3620 6080
599 579 786 648 'uuuuuou
809 595 1012 650 sevonum.
1395 579 1468 652 239

147 767 292 844 scriptum
319 765 359 825 sit
385 766 507 836 Quirino
528 769 558 824 in
580 765 649 840 coll(
665 765 687 841 ).
729 765 808 824 idem
834 766 884 826 illc
906 767 953 824 die
973 767 1041 826 Iun.
1064 767 1102 827 29
1125 768 1191 839 te,
1214 769 1286 830 796:
1314 791 1376 831 cum
1402 774 1472 832 duta

144 878 211 926 aunt
229 867 343 926 trabeae
365 868 469 942 temple
491 865 612 936 Quirine
637 877 710 925 uiue.
752 867 783 924 in
811 866 878 925 solo
903 867 965 925 kal.
987 868 1099 928 Venus.
1122 869 1318 946 adscriptum:
1348 871 1471 942 Quirino

143 971 174 1026 in
194 967 306 1044 eoil(a).
349 961 451 1026 Ouidii
477 968 569 1026 verba
596 968 670 1026 haee
697 985 758 1025 non
785 968 882 1042 magis
909 968 1048 1044 ambigua
1074 977 1144 1028 sunt
1171 989 1261 1046 quam
1282 973 1337 1031 illa
1356 973 1394 1032 dc
1414 975 1471 1033 Mi-

143 1087 250 1127 nerva:
272 1068 405 1143 loquitur
427 1068 463 1126 de
485 1050 603 1143 templis
626 1068 751 1126 duobus.
796 1069 925 1126 accessit
945 1089 1039 1146 nuper
1060 1071 1097 1129 de
1118 1089 1179 1147 quo
1200 1051 1317 1148 agimus
1338 1075 1470 1133 hemero-

142 1169 216 1247 logii
231 1169 390 1226 Arvalium
412 1169 616 1228 testimenium
637 1187 697 1244 quo
718 1168 934 1228 volcanalibus
958 1169 1106 1247 Quir(ino)
1129 1175 1159 1231 in
1181 1173 1253 1232 colla
1272 1173 1382 1232 iactum
1404 1193 1472 1234 esse

144 1279 231 1328 const
251 1279 271 1328 t.
321 1270 381 1327 iam
413 1270 537 1328 annales
569 1277 603 1326 ιιι
634 1269 696 1326 fere
723 1270 812 1328 unius
845 1270 998 1340 Minervae
1030 1271 1062 1330 in
1092 1273 1242 1331 Aventino
1274 1275 1473 1335 meminerunt

142 1371 281 1447 neglecto
314 1370 425 1429 sacello
457 1371 610 1428 Minervae
640 1366 765 1446 Cuptac',
798 1371 842 1428 ita
873 1390 962 1430 unam
994 1373 1026 1430 in
1052 1373 1126 1432 colle
1152 1371 1271 1446 Quirini
1296 1386 1472 1449 memorant,

142 1471 280 1548 neglecto
296 1471 384 1546 ¹quod
404 1471 462 1529 fuit
483 1472 547 1530 eius
566 1474 697 1546 proniore
713 1482 828 1547 portani
854 1471 1031 1544 Quirinalem
1056 1475 1202 1546 ancellum,
1230 1476 1314 1536 cuius
1339 1477 1473 1536 meminit
1495 1533 1496 1538 ,

143 1571 228 1630 Fest.
250 1591 279 1648 p.
297 1571 383 1630 254u
404 1573 483 1630 conl.
507 1573 577 1648 epit.
600 1591 628 1648 p.
646 1571 705 1631 255
734 1580 763 1630 et
787 1573 918 1632 fortasse
940 1573 1037 1631 Varro
1064 1574 1101 1632 de
1122 1575 1141 1632 1.
1163 1577 1184 1633 l.
1208 1577 1236 1646 5,
1260 1575 1309 1634 20.
1350 1577 1390 1636 ad
1415 1579 1473 1636 hoc

137 1674 245 1745 sunnin
268 1670 474 1746 Quirinalibus
498 1691 584 1731 sacra
599 1671 726 1746 Quirino
748 1672 828 1732 lacta
849 1691 915 1732 esse
936 1681 1016 1733 recte
1039 1675 1142 1734 statuit
1159 1677 1276 1735 Merkel
1297 1697 1326 1754 p.
1343 1676 1470 1738 CXLII.

143 1781 264 1848 praeter
285 1773 342 1832 hoo
362 1773 465 1832 fanum
487 1793 576 1832 unam
598 1781 632 1831 ιιι
654 1773 717 1831 dixi
743 1773 881 1831 novimus
908 1776 1012 1833 aedem
1039 1773 1157 1848 Quirini
1183 1778 1348 1837 dedicatam
1371 1798 1390 1837 a
1411 1779 1471 1838 Pa·

119 1874 220 1960 ¹pirio
243 1872 376 1934 Cursore
402 1875 557 1934 dictatoris
584 1875 647 1933 filio
674 1893 700 1932 a.
724 1875 782 1934 461
812 1874 891 1950 (Liv.
918 1875 965 1946 10,
988 1875 1052 1950 46).
1103 1885 1171 1936 ante
1197 1878 1277 1937 hunc
1302 1897 1414 1938 annum
1441 1884 1479 1945 in¹

144 1959 213 2034 aede
237 1975 353 2046 Quirini
380 1983 517 2034 senatum
543 1977 676 2034 habitum
703 1992 769 2034 esse
796 1975 847 2049 qui
877 1975 989 2034 rettulit
1016 1975 1097 2052 (Liv.
1120 1979 1149 2050 4,
1173 1977 1226 2054 21)
1254 1998 1322 2038 eum
1348 2000 1367 2038 a
1392 1999 1472 2040 com-

144 2077 286 2136 menticia
311 2078 482 2135 narratione
509 2077 638 2152 pendere
664 2085 735 2153 post
761 2076 837 2134 alios
859 2076 924 2134 dixi
949 2077 1018 2152 Tap.
1043 2077 1071 2150 2,
1093 2076 1163 2136 267.
1206 2099 1293 2139 nemo
1315 2081 1392 2142 dixit
1412 2083 1471 2140 Pa-

143 2177 291 2253 pirianam
313 2177 415 2236 aedem
435 2177 582 2250 interisse,
603 2174 731 2249 ‘Quirini
748 2172 859 2236 aedem'
882 2171 942 2251 (riv
963 2179 1016 2233 τοῦ·
1029 2171 1145 2260 Κυρίνου
1169 2175 1248 2256 univ)
1270 2183 1473 2259 conflagrasse

145 2296 171 2336 a.
195 2277 256 2336 705
279 2277 340 2336 Dio
363 2280 412 2350 41,
438 2280 475 2336 14
498 2285 608 2349 narrat,
631 2297 701 2336 mox
723 2278 754 2335 in
775 2273 856 2336 ‘aede
880 2273 1007 2350 Quirini
1029 2298 1056 2336 a.
1073 2279 1132 2338 708
1154 2279 1313 2358 imaginem
1336 2303 1375 2342 ex
1398 2303 1422 2342 e.
1446 2303 1471 2343 o.

144 2379 276 2454 positam
297 2380 348 2450 43,
371 2380 399 2451 8,
432 2389 503 2454 post
535 2380 575 2456 (a.
599 2379 674 2455 738)
708 2379 744 2436 de
766 2378 919 2454 Augusto:
952 2373 1000 2434 riu
1026 2381 1078 2435 reti
1104 2373 1222 2463 Κυρίνου
1244 2375 1421 2465 καθιέρωσεν
1441 2385 1473 2443 ἐκ

144 2481 242 2548 καινῆς
265 2471 450 2549 οἰκοδομήσας
466 2481 531 2556 (54,
548 2479 610 2554 19).
642 2481 720 2538 hanc
741 2498 810 2538 esse
831 2499 896 2539 eam
911 2481 1014 2538 aedem
1037 2499 1126 2556 quam
1147 2500 1179 2540 se
1193 2485 1300 2558 secisse
1314 2487 1473 2562 Augustus

144 2588 280 2651 testetur,
306 2581 366 2638 iam
392 2599 447 2657 pro
476 2589 557 2640 certo
583 2581 736 2654 habemus,
764 2582 835 2639 item
863 2599 917 2657 pro
940 2588 1020 2640 certo
1041 2581 1115 2640 illud
1131 2585 1236 2657 fecisse
1257 2603 1350 2660 posse
1369 2587 1474 2644 referri

145 2682 183 2740 ad
204 2683 310 2742 aedem
331 2681 467 2758 vestigiis
490 2682 622 2758 antiquis
650 2683 885 2760 regionibusque
911 2683 948 2740 de
970 2683 1036 2741 solo
1058 2683 1210 2756 refectam,
1236 2687 1316 2744 unde
1337 2689 1474 2763 sequitur

145 2792 178 2842 ιιι
200 2784 261 2842 Dio
289 2801 348 2840 non
377 2783 527 2857 putandus
556 2785 596 2841 sit
621 2784 723 2842 aedem
751 2785 811 2840 alio
837 2802 896 2859 quo
923 2792 1012 2842 antea
1036 2783 1126 2842 fuerit
1150 2785 1218 2843 loco
1242 2787 1354 2847 factam
1376 2788 1475 2847 dicere

146 2893 208 2956 aut,
237 2886 264 2944 si
290 2885 410 2957 dixerit,
437 2885 515 2942 male
548 2884 774 2960 interpretatum
801 2902 869 2944 esse
896 2886 978 2960 quod
1006 2885 1098 2943 latine
1126 2887 1269 2962 scriptum
1299 2887 1475 2964 invenisset,

146 2988 243 3045 eadent
268 2985 303 3055 Q.
327 2987 361 3043 de
383 2986 443 3043 eolo
459 2987 599 3058 sacten·
628 2986 696 3044 huic
719 2986 785 3044 aedi
805 2987 976 3062 Augustum
997 2987 1145 3062 porticum
1164 2985 1302 3048 LXXVI
1323 2989 1475 3048 columna·

146 3107 212 3146 rum
234 3087 346 3145 fecisse
366 3085 444 3143 idem
467 3085 528 3143 Dio
550 3087 637 3144 testis
664 3094 725 3144 est:
758 3087 833 3145 vidit
858 3105 929 3177 ergo
951 3087 1158 3164 Augustanam
1175 3089 1285 3147 aedem
1306 3089 1475 3163 Vitruvius,

147 3191 199 3265 qui
226 3207 293 3246 eam
322 3187 460 3261 dipteron
492 3187 661 3262 octastylon
693 3187 788 3246 fuisse
820 3197 924 3246 narrat
945 3188 974 3258 3,
1000 3190 1026 3259 1,
1050 3189 1078 3246 7.
1127 3189 1220 3247 edidit
1251 3197 1350 3248 autem
1381 3192 1475 3251 libros

147 3307 219 3348 suos
243 3289 324 3347 circa
345 3307 371 3344 a.
395 3287 466 3358 740,
499 3306 560 3345 non
581 3296 615 3344 ιιι
635 3287 831 3346 Lachmanno
852 3287 950 3345 visum
972 3293 1019 3345 est
1045 3295 1113 3345 aute
1139 3308 1166 3346 a.
1189 3288 1258 3361 727,
1291 3296 1325 3346 ut
1346 3289 1474 3349 Diouem

147 3390 257 3450 erroris
280 3407 406 3466 arguere
427 3389 513 3444 nulla
535 3389 575 3446 sit
596 3407 688 3448 causa
709 3419 750 3430 -
772 3395 802 3445 et
822 3387 941 3445 videtur
967 3389 1045 3446 hano
1072 3389 1249 3446 seutentiam
1271 3389 1475 3460 Mommseuus

148 3491 295 3550 abiecisse
316 3490 354 3548 ad
368 3489 449 3548 Mon.
464 3490 541 3546 Ano.
562 3509 591 3565 p.
608 3490 657 3558 53,
680 3508 746 3546 cum
762 3497 851 3546 antee
866 3486 899 3546 C.
916 3487 940 3544 I.
957 3487 992 3546 L.
1011 3489 1026 3544 1
1043 3506 1071 3563 p.
1089 3488 1148 3546 395
1165 3489 1314 3563 probaret.
1347 3489 1477 3566 denique

146 3593 267 3652 Plinius
291 3609 326 3649 eo
347 3591 414 3648 loco
437 3609 496 3666 quo
518 3589 597 3648 infra
617 3597 685 3647 utar
705 3595 823 3665 praeter
844 3607 936 3646 unum
953 3585 1072 3660 Quirini
1094 3590 1175 3664 quod
1195 3591 1282 3665 ponit
1302 3591 1379 3648 inter
1400 3593 1477 3672 auti·

147 3693 296 3769 quissima
317 3691 471 3750 delubrum
493 3691 607 3749 nullum
630 3691 715 3748 novit
730 3690 794 3765 (15,
812 3687 884 3764 120>
905 3689 995 3764 idque
1013 3691 1125 3746 mansit
1138 3697 1273 3766 tempore
1287 3688 1477 3750 Constantini

146 3795 271 3870 regione
292 3791 347 3850 VI.
389 3793 491 3866 itaque
512 3792 573 3848 nisi
594 3791 739 3848 natalium
761 3791 874 3848 dierum
896 3789 972 3846 ratio
994 3789 1132 3848 habenda
1157 3800 1236 3850 esset
1261 3811 1349 3850 nemo
1371 3793 1478 3870 opinor

149 3897 360 3970 Augustanam
383 3893 484 3951 aedem
501 3891 532 3949 in
546 3890 682 3966 vestigiis
695 3891 877 3966 Papirianae
898 3907 976 3948 anno
993 3889 1050 3948 708
1067 3890 1201 3966 integrae
1216 3892 1326 3950 iactam
1345 3901 1477 3968 negaret.

147 3998 208 4054 iam
229 3994 411 4069 Papirianae
439 3991 523 4050 aedis
553 3991 682 4048 natalem
709 3992 879 4067 quaerimus
906 4008 1033 4066 eumque
1060 3993 1097 4050 ab
1123 3993 1263 4068 Augusto
1290 3994 1478 4051 immutatum

149 4115 218 4156 esse
247 4096 309 4154 nisi
336 4094 514 4152 necessitate
540 4093 636 4150 coacti
663 4111 724 4150 non
752 4093 932 4167 putabimus.
983 4092 1065 4168 atqui
1092 4093 1194 4166 templo
1226 4093 1340 4163 Quirini
1366 4094 1479 4151 trabeae

149 4200 219 4256 dote
246 4213 313 4255 esse
337 4195 365 4253 d.
389 4193 538 4252 291unio
566 4193 708 4263 vidimus,
735 4211 862 4268 eumque
889 4192 968 4250 diem
994 4200 1062 4250 ante
1089 4193 1253 4250 dedicatam
1282 4193 1319 4250 ab
1341 4192 1479 4270 Augusto

149 4299 255 4358 eedem
271 4295 399 4370 Quirino
421 4295 550 4352 dicatum
569 4309 638 4352 esse
655 4293 742 4350 docet
753 4293 937 4352 Venusinum
958 4293 1190 4369 hemerologium
1207 4311 1234 4350 a.
1250 4291 1308 4350 727
1326 4294 1478 4369 scriptum.

150 4401 202 4476 qui
232 4397 296 4456 dies
324 4415 390 4455 cum
418 4414 445 4452 a.
470 4393 528 4452 700
557 4393 689 4452 adiectus
719 4394 758 4451 sit
784 4412 803 4450 a
825 4391 859 4452 C.
904 4392 1034 4454 Caesare
1060 4395 1157 4469 sitque
1186 4413 1213 4452 a.
1236 4394 1264 4450 d.
1285 4393 1342 4450 III
1360 4394 1387 4450 lc.
1410 4394 1479 4466 Iul,

150 4519 213 4558 non
245 4497 332 4556 video
365 4516 417 4555 cur
448 4513 509 4552 non
540 4495 618 4552 idem
653 4495 717 4552 dies
747 4494 797 4569 qui
826 4501 895 4552 ante
922 4495 1018 4552 fastos
1046 4513 1065 4552 a
1086 4493 1219 4553 Caesare
1244 4493 1397 4553 ordinatos
1424 4493 1481 4550 fuit

151 4601 220 4658 Iun.
244 4599 282 4656 27
310 4596 415 4655 haberi
440 4594 539 4673 possit
565 4613 621 4671 pro
648 4595 740 4652 natali
768 4595 850 4654 aedis
877 4595 1067 4670 Papirianae,
1100 4597 1149 4652 cui
1179 4601 1243 4652 tum
1271 4593 1400 4652 fortasse
1428 4592 1480 4651 ad·

46 4715 50 4724 '
152 4701 297 4777 scriptum
319 4706 401 4758 esset
421 4715 461 4769 re,
489 4695 567 4754 unde
594 4701 701 4772 postea
725 4695 837 4752 factum
857 4711 887 4753 s:
918 4697 1006 4754 etiam
1028 4695 1111 4754 Iovis
1138 4695 1270 4753 tonantis
1292 4693 1403 4752 natalis
1425 4693 1481 4752 hac

151 4804 222 4878 ipsa
242 4805 315 4858 nota
335 4798 493 4874 insignitus
516 4806 569 4855 est.
611 4796 789 4871 relinquitur
815 4796 906 4872 igitur
933 4815 1051 4855 sacrum
1074 4793 1201 4868 Quirino
1222 4796 1254 4853 in
1275 4794 1352 4852 colle
1372 4793 1482 4853 Volca-
1546 4829 1548 4833 -

153 4901 273 4962 nalibus
300 4901 444 4970 oblatum,
473 4897 554 4973 quod
581 4915 649 4955 cum
677 4915 767 4972 supra
788 4895 938 4954 docuerim
963 4915 1031 4955 cum
1052 4895 1227 4956 vulcanalis
1247 4895 1392 4972 religione
1413 4911 1482 4954 con·

142 4995 289 5061 'iunctum
311 5019 390 5072 esse,
411 5018 473 5058 non
495 4998 597 5056 dubito
619 4998 692 5072 quin
714 4996 923 5055 secundarium
946 4997 985 5056 sit
1006 4998 1071 5058 eius
1093 4997 1141 5058 dei
1162 5014 1281 5056 suorum
1303 5003 1333 5056 et
1352 4995 1483 5056 fortasse
1511 5015 1514 5022 ’

156 5104 195 5162 ad
216 5102 320 5162 aedem
341 5103 551 5179 Augustanam
571 5099 659 5158 iussu
680 5098 810 5175 Augusti
830 5097 952 5156 factum.
