3654 6072
594 551 1072 611 urrunnruoronnsroms.
1422 545 1492 618 101

162 647 1497 676 Μ

246 724 468 802 Exemplorum
489 743 568 802 quae
590 742 682 804 supra
697 727 866 788 rettulimus
880 736 1017 806 tempora
1029 729 1082 805 qni
1096 731 1248 808 spectarit,
1269 733 1430 810 perspiciet
1442 753 1495 794 ex·

160 823 260 901 ceptis
283 834 425 902 quattuor
438 825 509 900 illis,
532 843 608 903 qnos
621 828 769 905 principio
783 829 882 904 posui,
903 847 1006 889 omues
1020 831 1189 908 praefectos
1203 833 1331 909 legionis
1346 835 1495 910 pertinere

159 925 199 982 ad
221 931 355 985 aetatem
375 925 480 988 Severi
499 927 626 1004 imperio
646 945 707 986 non
728 930 942 1005 antiquiorem:
965 931 1121 990 mirabitur
1142 941 1242 992 autem
1262 933 1351 1007 idem,
1378 935 1495 1012 opinor,

158 1025 253 1100 quod,
282 1045 351 1086 cum
372 1029 492 1088 sacculo
513 1029 601 1088 tertio
620 1035 683 1088 tam
703 1029 874 1106 frequentes
895 1030 1096 1104 inveniantur,
1118 1039 1207 1092 antea
1227 1040 1289 1092 tam
1310 1035 1371 1093 rari
1392 1053 1494 1095 occur·

158 1134 237 1198 rant,
261 1135 354 1204 atque
375 1147 411 1188 eo
432 1129 588 1189 inclinabit
608 1139 641 1189 ut
660 1132 829 1207 praefectos
850 1131 979 1208 legionis
1000 1133 1103 1190 credat
1123 1139 1175 1192 aut
1191 1133 1399 1210 magistratum
1414 1137 1494 1195 ordi·

158 1227 281 1286 narium
298 1229 483 1307 temporibus
505 1231 657 1308 prioribus
679 1251 740 1290 non
760 1232 851 1292 fuisse
865 1233 1036 1292 institutum
1050 1239 1111 1304 aut,
1134 1235 1161 1292 si
1175 1234 1295 1307 fuerint,
1316 1237 1494 1312 plerumque

158 1327 222 1386 alio
245 1329 339 1387 modo
360 1331 529 1408 appellatos
550 1349 628 1392 esse.
663 1329 730 1392 Nos
749 1333 781 1392 in
796 1351 939 1411 praesens
954 1333 1074 1410 quidem
1088 1333 1255 1410 praefectos
1269 1335 1340 1396 illos
1354 1345 1495 1413 quattuor

158 1429 326 1503 mittemus,
347 1449 420 1490 mcx
441 1431 514 1509 quid
535 1431 572 1491 de
593 1433 631 1491 iis
655 1435 847 1494 statuendum
868 1435 910 1494 sit
925 1434 1128 1512 disceptaturi,
1150 1435 1270 1512 iamque
1284 1435 1321 1495 dc
1334 1437 1494 1514 praefectis

157 1527 293 1606 legionis
315 1532 426 1591 saeculi
447 1531 528 1592 tertii
548 1551 737 1609 quaeremus.

242 1629 332 1690 Inter
352 1633 522 1708 praefectos
543 1633 705 1711 legionum,
727 1653 853 1712 quorum
875 1635 1014 1696 novimus
1032 1637 1178 1696 honorum
1193 1654 1324 1711 cursum,
1345 1655 1433 1698 nemo
1448 1645 1495 1700 est

158 1729 210 1806 qui
232 1731 388 1808 stipendia
408 1735 611 1794 centurionica
632 1743 701 1794 ante
721 1737 940 1814 praefecturam
961 1754 1023 1796 non
1037 1737 1142 1796 fecerit
1162 1737 1206 1813 (u.
1223 1739 1252 1798 8.
1267 1738 1296 1798 3.
1313 1739 1362 1797 10.
1379 1740 1427 1798 11.
1445 1739 1493 1798 15.

159 1829 209 1890 24.
227 1829 280 1890 28.
297 1834 347 1892 31.
364 1832 412 1894 32.
429 1835 479 1894 33.
495 1835 545 1894 35.
561 1835 600 1894 36
612 1835 652 1912 ¹),
677 1844 710 1894 ut
730 1856 783 1897 eos
804 1823 941 1896 homines
962 1837 1058 1896 fuisse
1079 1847 1226 1916 appareat
1246 1839 1404 1899 humiliore
1425 1840 1494 1900 luco

158 1941 265 2005 natos,
294 1935 346 2010 qui
370 1935 440 1994 inde
465 1954 486 1993 a
506 1937 602 2014 caliga
624 1936 663 1995 ad
683 1937 763 1996 hunc
783 1938 884 1996 lucum
904 1939 1103 2016 pervenerint.
1146 1938 1262 1999 Omnes
1284 1944 1385 1998 tamen
1405 1946 1495 2000 antea

158 2051 312 2094 summurn
331 2026 567 2096 centurionatum
587 2037 608 2097 i.
624 2057 651 2098 e.
672 2037 886 2114 primipilatum
900 2048 1069 2116 gesseruut,
1090 2049 1209 2116 praeter
1222 2057 1314 2098 unum
1330 2037 1368 2099 G.
1382 2039 1494 2100 lulium

159 2132 314 2196 Oaninum
336 2135 379 2212 (ιι.
394 2137 456 2214 11),
478 2138 530 2214 qui
551 2157 590 2198 ex
611 2139 776 2198 trecenario
798 2137 966 2214 praefectus
988 2139 1117 2216 legionis
1138 2140 1238 2198 factus
1259 2148 1320 2211 est3
1341 2140 1373 2200 id
1394 2146 1494 2200 tamen

158 2254 196 2294 ne
218 2237 355 2296 mireris:
378 2233 560 2298 trecenarius
582 2239 661 2299 euim
684 2239 835 2316 primipilo
851 2240 900 2300 vel
920 2259 976 2316 par
996 2247 1060 2299 erat
1074 2239 1122 2299 vel
1143 2247 1223 2300 certe
1238 2241 1408 2318 proximum
1422 2246 1494 2318 post

159 2356 228 2396 eum
254 2338 358 2398 locum
382 2340 548 2413 obtinebat,
577 2340 621 2398 ita
646 2348 679 2400 ut
703 2339 831 2415 primum
858 2340 947 2400 etiam
973 2339 1138 2417 prinoipem
1160 2340 1306 2418 dignitate
1327 2350 1493 2418 superaret.

159 2438 236 2497 Post
258 2439 500 2500 centurionatum
520 2440 666 2500 minorem
694 2449 762 2499 ante
781 2439 998 2518 primipilatum
1019 2442 1207 2518 praefectura
1224 2441 1351 2518 legionis
1373 2444 1494 2518 ponitur

159 2539 190 2598 in
212 2539 305 2598 titulo
326 2561 356 2599 n.
372 2542 423 2614 31,
449 2542 500 2601 vix
524 2548 626 2601 tamen
647 2541 753 2600 eodem
774 2543 879 2600 ordine
900 2542 941 2600 M.
963 2541 1014 2600 ille
1036 2541 1164 2620 Apicius
1185 2541 1260 2601 Trio
1281 2551 1405 2616 munera
1425 2560 1493 2602 sus·

159 2641 253 2717 cepit3
278 2641 417 2718 equidem
438 2641 469 2700 in
490 2642 578 2701 titulo
599 2643 701 2720 potius
722 2661 877 2705 munerum
900 2642 1035 2703 ordinem
1056 2643 1214 2702 confusum
1235 2641 1439 2720 Trionemque
1460 2651 1494 2703 ut

159 2742 297 2818 reliquos
317 2751 388 2819 post
407 2743 623 2821 primipilatum
644 2743 763 2802 demum
783 2743 972 2820 praefectura
991 2744 1125 2804 functum
1145 2759 1213 2803 esee
1226 2738 1407 2819 puurim2).
1442 2742 1493 2802 Ex

158 2841 226 2920 ipso
247 2844 437 2921 primipilatu
458 2844 498 2903 ad
518 2844 734 2922 praefecturam
749 2853 947 2921 pervenerunt
967 2865 997 2904 n.
1014 2845 1063 2903 10.
1081 2843 1128 2902 15.
1145 2843 1195 2914 24.
1211 2842 1260 2902 28.
1277 2842 1370 2920 (tlt).
1386 2839 1435 2902 32.
1451 2843 1492 2903 33

161 2944 362 3021 (primipilatu
376 2945 508 3021 iterato).
523 2943 572 3005 35.
609 2943 708 3019 Quam
729 2953 793 3006 arte
813 2955 914 3005 autem
932 2943 1120 3021 praefectura
1138 2945 1374 3023 primipilaritati
1392 2945 1494 3004 iuncta

159 3045 265 3118 fuerit,
294 3045 358 3105 eius
384 3047 428 3105 rei
453 3046 539 3106 testis
565 3045 638 3105 mihi
666 3046 793 3123 insignis
819 3045 936 3105 videtur
962 3063 1030 3106 esse
1051 3045 1101 3105 Ti.
1130 3043 1276 3105 Claudius
1306 3043 1492 3106 Secuudiuus

158 3145 202 3221 (ιι.
219 3146 287 3223 33),
309 3147 361 3224 qui
381 3157 448 3206 cum
469 3155 541 3226 post
561 3147 691 3224 priorem
712 3146 929 3232 primipilatum
951 3147 1102 3225 stipendia
1121 3146 1273 3222 equestria
1285 3146 1417 3219 fecisset,
1439 3164 1491 3204 an·

160 3257 282 3325 tequam
307 3230 475 3326 praefectus
503 3249 600 3320 fieret,
626 3248 724 3308 denuo
750 3247 965 3324 primipilatum
987 3247 1083 3325 gessit
1103 3265 1232 3322 eumque
1251 3246 1396 3319 fortasse,
1423 3264 1492 3305 cum

159 3348 239 3426 legio
260 3367 322 3408 non
343 3349 480 3424 addatur,
501 3328 726 3427 imaginarium
755 3363 851 3424 quare
870 3366 931 3409 nou
951 3348 1064 3419 dubito,
1086 3347 1161 3424 quin
1181 3347 1216 3405 Ιι.
1241 3344 1397 3406 Cominius
1417 3365 1492 3424 quc·

159 3468 216 3526 que
239 3450 284 3527 (n.
301 3449 334 3526 8)
356 3451 451 3510 altero
473 3451 658 3529 primipilatu
679 3458 750 3526 post
770 3451 953 3508 tribunatum
974 3447 1107 3507 cohortis
1129 3447 1299 3524 praetoriae
1320 3453 1389 3504 ante
1405 3465 1492 3524 prae·

159 3551 305 3612 lecturam
328 3552 458 3630 legionis
479 3553 600 3612 functus
621 3551 673 3622 sit3
699 3553 832 3626 itemque
853 3569 882 3608 ιι.
901 3550 939 3608 10
960 3547 1147 3625 primipilatu
1168 3533 1345 3623 imaginario
1366 3555 1490 3607 ornatus

160 3654 278 3714 videtur
297 3671 375 3726 esse,
396 3662 430 3714 ut
449 3659 531 3714 recte
551 3651 620 3711 iude
640 3651 679 3710 ad
699 3652 916 3728 praefecturam
938 3655 1174 3725 promoveretur.
1210 3647 1421 3724 Legionariam
1435 3647 1491 3705 mi·

160 3753 256 3814 litiam
281 3761 402 3831 praeter
427 3754 651 3814 centurionatus
678 3753 813 3813 exercuit
837 3769 939 3826 nemo,
965 3751 1111 3810 urbanam
1138 3755 1292 3828 quattuor3
1321 3766 1392 3809 nam
1418 3768 1448 3808 ιι.
1470 3747 1489 3807 8

161 4056 342 4122 interpretatur
366 4051 571 4116 corniculanae)
593 4051 796 4121 prtoefcctorum)
820 4051 966 4119 laedentem)
990 4057 1051 4113 cet,
1076 4063 1208 4116 nunquam
1230 4049 1298 4102 enim
1316 4048 1345 4098 id
1362 4049 1434 4114 quod
1451 4055 1489 4098 est

157 4146 285 4213 praefecti
301 4144 350 4196 duo
370 4146 523 4210 compendio
543 4149 638 4192 rioth
656 4145 732 4195 scribi
752 4150 861 4209 poterat.
890 4143 1030 4194 Praeterea
1047 4142 1119 4194 nullo
1137 4141 1216 4190 modo
1229 4139 1341 4192 Sabinus
1359 4153 1392 4189 ex
1405 4139 1489 4189 curni-

163 4239 257 4289 culario
274 4237 361 4288 statim
379 4237 525 4302 primipilus
542 4237 597 4287 fleri
616 4241 726 4302 poterat,
746 4236 846 4286 minore
865 4235 1044 4286 centurionem
1055 4233 1127 4284 nullo
1140 4231 1283 4293 interiecto;
1303 4229 1400 4278 excidit
1412 4228 1490 4292 igitur

157 4326 318 4380 'centurionis
341 4335 404 4380 nota
423 4332 437 4375 7
457 4327 657 4394 legendumque:
682 4325 886 4388 coruticalam'uq
903 4323 1052 4393 pr(aesecti)
1066 4321 1228 4392 prtueturie),
1249 4317 1380 4382 (cauterio)
1400 4316 1487 4384 59(ιό-

163 4420 226 4483 cum)
245 4425 294 4471 cet.

237 4529 262 4592 1)
289 4529 359 4580 Nam
384 4542 443 4578 eum
467 4539 568 4594 quoque
592 4525 767 4577 centurionem
789 4525 870 4576 fuisse
895 4541 928 4576 ex
953 4525 1028 4576 XLV
1052 4521 1188 4588 stipendiis
1211 4532 1276 4584 quae
1301 4515 1409 4568 emeruit
1432 4521 1518 4566 tuto·

163 4621 281 4673 concludi
297 4625 392 4686 potest.
1176 4619 1179 4624 “

236 4727 263 4792 ²)
288 4729 411 4782 Fortasse
429 4728 507 4778 etiarn
525 4727 642 4778 consulto
659 4741 767 4778 munera
778 4726 829 4778 hoc
841 4726 932 4777 ordine
945 4723 1105 4775 exhibentur.
1135 4703 1312 4783 Primipilares
1324 4717 1394 4784 enim
1404 4720 1488 4767 aetate

163 4821 329 4887 imperatoria
346 4819 450 4870 fuerunt
468 4817 533 4870 ordo
551 4818 692 4883 privilegiis
711 4819 773 4868 satis
791 4818 884 4882 amplis
903 4816 1028 4878 munitus3
1053 4811 1114 4862 inde
1131 4811 1293 4899 factumest,
1315 4807 1389 4858 utin
1407 4807 1488 4857 titulis

164 4927 250 4964 eorum
268 4925 347 4976 saepe
365 4911 451 4961 statim
469 4915 529 4974 post
546 4924 641 4960 nomen
659 4909 804 4960 adiceretur
822 4911 869 4974 ''l'
889 4912 952 4958 ncta
969 4905 988 4955 i.
1001 4919 1024 4955 a.
1043 4903 1222 4968 primipilaris,
1244 4900 1336 4952 sudem
1354 4915 1415 4961 usu,
1435 4913 1487 4963 quo

164 5003 262 5054 numini
279 5003 394 5068 equitnm
406 5001 584 5055 Romanorum
602 5000 713 5056 adicitur
731 5014 796 5064 equo
815 4999 926 5064 publico,
947 5001 1081 5061 aetateque
1099 4995 1218 5060 sequiora
1229 5006 1325 5044 nomen
1337 4991 1409 5066 sequi
1421 4989 1488 5040 solet

165 5094 204 5142 vir
221 5092 598 5160 ctrrrtsetmue,‘persectisetmaa
616 5097 662 5142 cet.
698 5091 730 5142 ld
748 5090 857 5141 fortasse
874 5090 902 5140 in
921 5089 971 5140 boc
990 5102 1090 5155 quoque
1108 5085 1183 5138 titulo
1201 5085 1296 5139 iactum
1316 5083 1362 5145 ita,
1381 5088 1409 5132 ut
1429 5081 1486 5131 bre·

165 5185 247 5237 vitatis
267 5201 345 5238 causa
363 5185 449 5238 statim
466 5184 605 5238 adderetur
623 5183 701 5235 etism
718 5181 795 5248 legio.
