3620 6080
570 657 867 713 ossuuvsurouns
885 658 1002 710 uersu.
1021 659 1082 709 xv.
1413 641 1485 714 291

162 831 195 890 iu
208 843 327 908 portum
341 831 583 914 Thespiensium,
599 830 649 906 qui
663 835 836 888 manserant
848 827 879 884 iu
894 827 1037 886 societate
1051 828 1188 886 Romana
1198 829 1319 906 (Polyb.
1335 826 1385 903 27,
1400 835 1426 911 l,
1444 835 1487 911 1).
1500 819 1502 822 ¹

163 932 195 990 Α
222 930 338 991 Creusa
365 941 395 991 et
420 934 488 1009 ipse
514 931 686 990 Haliartum
712 945 745 986 se
771 928 910 999 contulit,
939 927 989 984 nbi
1015 927 1137 986 fratrem
1163 931 1294 1006 repperit
1318 932 1378 991 iam
1403 937 1487 1013 oppi·
1547 1011 1550 1016 Ι

164 1032 236 1090 duur
258 1049 433 1108 oppugnare
454 1015 609 1108 parantem
631 1030 713 1106 (Liv.
734 1027 786 1099 42,
808 1028 873 1104 59).
908 1027 955 1085 Eo
975 1028 1006 1085 vi
1022 1037 1108 1104 capto
1130 1038 1160 1087 et
1174 1029 1274 1088 diruto
1294 1034 1359 1092 inde
1377 1034 1488 1096 Thebas

165 1133 267 1190 ductas
290 1137 443 1202 osanna,-
468 1133 570 1209 quibas
598 1135 658 1191 aine
679 1131 829 1189 certamine
848 1132 967 1202 receptio
987 1129 1081 1186 urbem
1102 1131 1224 1189 tradidit
1243 1133 1370 1193 caulibus
1391 1145 1418 1194 et
1438 1142 1489 1212 qai

163 1232 358 1290 Ronwnorurn
380 1238 483 1309 partie
504 1243 600 1305 nunt,
632 1233 773 1290 adversae
793 1231 934 1304 factionis
960 1229 1101 1288 bominum
1120 1231 1326 1308 scutorumque
1351 1241 1427 1311 repta
1453 1257 1489 1297 nc

162 1331 354 1392 Macedonum
372 1322 508 1408 familias
533 1334 584 1392 aab
606 1349 712 1390 corum
735 1330 870 1388 vendidit.
912 1328 971 1386 His
996 1333 1084 1404 pectis
1110 1333 1141 1386 in
1161 1331 1284 1390 Boeotia
1304 1337 1346 1393 ad
1364 1355 1443 1396 mare
1463 1350 1490 1398 et

162 1435 206 1492 nd
225 1451 312 1492 nanee
332 1436 425 1494 rediit.
462 1433 541 1509 (Liv.
561 1432 612 1504 42,
636 1431 685 1502 63,
708 1429 771 1506 12).
813 1429 912 1486 Abest
932 1429 1023 1504 igitur
1043 1430 1081 1486 ab
1102 1433 1282 1504 auctoribus,
1304 1436 1356 1510 qui
1376 1439 1488 1500 bellum

162 1532 319 1592 Persicum
342 1543 491 1606 enarrant,
513 1533 593 1608 quod
614 1533 742 1610 legimus
763 1531 795 1588 iu
817 1539 940 1588 senatus
962 1530 1098 1588 consulto
1120 1531 1161 1606 (v.
1184 1531 1237 1608 22)
1260 1533 1295 1593 O.
1317 1534 1488 1598 Lucretium

161 1642 265 1692 castra
291 1634 461 1694 admovisse
493 1633 532 1690 ad
558 1633 701 1710 oppidum
729 1631 872 1690 Thisbes.
920 1631 965 1688 At
989 1629 1138 1706 Polybius
1163 1651 1228 1690 cum
1254 1646 1407 1698 narrasset
1430 1642 1489 1699 tria

163 1733 277 1808 oppida
302 1754 321 1793 a
342 1735 487 1793 Romanis
508 1734 664 1805 defecisse,
692 1751 771 1790 saue
789 1738 823 1788 ut
842 1730 879 1788 de
900 1729 1038 1788 Haliarto
1059 1741 1089 1789 et
1110 1729 1249 1790 Coronea
1273 1737 1316 1794 ita
1336 1739 1426 1798 etiam
1450 1743 1488 1802 de

163 1833 289 1893 Thisbis
311 1836 384 1910 quid
404 1835 516 1894 factum
538 1834 580 1892 sit
600 1832 761 1891 memoriae
775 1831 907 1902 tradidit3
929 1829 1035 1890 Livius
1056 1831 1088 1889 id
1108 1834 1244 1894 omittere
1257 1839 1364 1912 potuit,
1385 1857 1488 1916 quam·

163 1951 253 2010 quam
275 1935 393 1994 videtur
413 1936 444 1994 iu
465 1935 606 1994 uniuersa
626 1935 683 1991 hac
703 1931 1047 2008 narrationePolybium
1069 1949 1173 2008 presse
1194 1944 1311 1996 secutus
1332 1957 1411 2001 esse.
1446 1944 1489 2002 At

162 2053 311 2110 quaenam
344 2045 391 2094 est
420 2036 475 2094 illa
505 2044 576 2110 post
600 2033 770 2116 Haliartum
803 2041 921 2108 captam
953 2034 1105 2108 expeditio
1137 2033 1282 2096 adversus
1307 2038 1488 2103 Thebanos?

162 2133 272 2194 Nonne
292 2135 383 2194 modo
406 2121 542 2211 (tanc.
569 2133 623 2209 46)
651 2133 820 2191 audivimus
845 2133 971 2190 eundem
992 2132 1112 2192 Livium
1136 2146 1305 2196 narrantem
1327 2140 1489 2202 Thebanos

161 2219 398 2309 decrevissent
418 2237 573 2294 tolleretur
592 2235 675 2310 regia
696 2233 833 2305 societas,
855 2242 993 2291 auctores
1014 2234 1209 2310 paciscendae
1230 2237 1295 2296 eius
1313 2238 1488 2302 Chalcidem

163 2335 203 2394 ad
229 2336 383 2395 Romanos
410 2336 540 2407 misisse,
577 2335 731 2394 Romanos
757 2333 854 2392 laetos
885 2333 918 2390 id
942 2333 1109 2406 audivisse,
1141 2335 1256 2395 Thebis
1283 2359 1337 2415 per
1361 2343 1489 2402 hiemem

162 2455 190 2495 a
213 2435 307 2496 58273
336 2437 372 2496 Ρ.
398 2435 562 2495 Lentulum
588 2436 753 2512 legatorum
779 2451 870 2491 unum
897 2451 964 2492 cnm
992 2435 1143 2510 praesidio
1169 2437 1293 2496 militum
1314 2439 1489 2502 Italicorum

162 2537 337 2596 consedisse
351 2537 487 2618 indeque
501 2555 571 2594 vere
593 2556 619 2595 a.
636 2535 695 2596 583
718 2553 785 2593 cum
807 2535 912 2593 iisdem
931 2535 1078 2594 militibus
1099 2545 1129 2594 et
1143 2536 1293 2596 iuventute
1307 2539 1488 2604 Boeotorum

160 2635 331 2696 Haliartum
360 2644 563 2715 oppugnatum
590 2637 754 2712 profectum
783 2653 850 2694 esse
878 2635 918 2710 (c.
942 2636 991 2706 37,
1022 2637 1048 2692 1.
1078 2655 1103 2695 c.
1127 2637 1176 2706 47,
1202 2637 1249 2696 12.
1280 2658 1305 2697 e.
1328 2639 1378 2710 56,
1402 2643 1431 2700 3.
1453 2645 1488 2720 4)

162 2738 276 2814 oppida
300 2746 398 2796 eutem
425 2757 502 2814 quae
528 2756 594 2796 cum
621 2755 691 2813 rege
718 2745 832 2794 starent
844 2736 1032 2810 praesidium
1061 2737 1099 2793 ab
1125 2755 1162 2794 eo
1186 2739 1383 2814 expetivisse,
1410 2751 1443 2801 ut
1470 2763 1490 2803 a

163 2837 318 2896 Thebanis
341 2855 374 2897 se
395 2837 605 2897 defenderent?
639 2836 725 2910 Quae
746 2845 780 2893 ut
800 2835 906 2894 Livius
928 2855 967 2894 ex
983 2829 1111 2911 Polybio
1132 2839 1268 2914 sumpsit,
1289 2840 1331 2899 ita
1351 2861 1391 2899 ex
1411 2844 1488 2919 ipsis

163 2938 341 3014 Polybiauis
356 2957 434 3016 quae
448 2946 611 3015 supersunt
632 2936 696 3011 (27,
714 2936 745 3012 l)
767 2946 915 3012 quatenus
935 2937 1111 3012 perveniunt
1131 2938 1234 2996 eadem
1249 2941 1380 3000 referunt
1398 2945 1489 3004 etiam

163 3038 344 3098 luculentius
374 3049 404 3096 et
428 3039 564 3117 gravius3
589 3038 706 3114 legatos
735 3037 761 3094 is
789 3037 832 3094 ait
856 3055 874 3094 a
895 3037 1048 3095 Thebanis
1069 3038 1178 3096 missos
1204 3057 1285 3112 esse,
1313 3043 1365 3118 qui
1386 3047 1490 3104 urbem

163 3138 311 3198 Romanis
333 3141 538 3214 permitterent
562 3137 727 3212 exulesque
754 3137 939 3194 reducerent.
982 3137 1077 3194 Iidem
1098 3137 1237 3198 Thebani
1263 3141 1409 3203 adversus
1431 3144 1490 3205 Go-

162 3257 292 3298 rouaeos
322 3237 357 3298 O.
382 3239 533 3298 Licinium
559 3255 598 3296 ex
624 3236 782 3295 Thessalis
808 3236 1030 3294 arcessiverunt
1056 3236 1137 3310 (Lir.
1166 3237 1217 3312 42,
1246 3240 1294 3312 67,
1327 3241 1388 3318 12).
1431 3245 1490 3304 Hie

163 3340 304 3398 omnibus
331 3358 397 3397 cum
423 3340 590 3416 refragetur
616 3337 697 3414 quod
724 3354 815 3413 supra
838 3336 1007 3394 rettulimus
1029 3334 1071 3394 0:
1085 3335 1258 3397 Lucretium
1282 3344 1416 3402 exercitu
1437 3345 1489 3402 ad·

164 3439 254 3498 ducto
276 3439 569 3523 Thebasrecepisse
596 3447 627 3497 et
647 3438 786 3496 exulibus
815 3437 917 3494 urbem
938 3436 1113 3508 tradidisse,
1138 3454 1236 3496 nonne
1261 3450 1345 3516 patet
1370 3445 1418 3502 hic
1440 3447 1490 3522 agi

164 3559 226 3599 non
247 3540 380 3617 deipsis
402 3540 526 3610 Thebis,
548 3539 601 3598 sed
622 3539 660 3596 de
677 3535 1035 3608 Pseudothebisiisdem,
1057 3554 1134 3612 quas
1157 3555 1252 3614 supra
1269 3541 1398 3602 vidimus
1419 3563 1490 3603 eon·
1615 3529 1619 3538 ⁶

163 3641 248 3717 iungi
270 3658 337 3698 cum
359 3639 498 3700 Coronea
519 3649 550 3697 et
569 3639 724 3707 Haliarto,
751 3655 828 3713 quae
850 3636 971 3694 Thebae
996 3655 1066 3694 vere
1091 3647 1161 3696 suut
1181 3638 1331 3699 Thisbaei
1364 3645 1491 3704 Accedit

164 3741 258 3799 aliud.
298 3738 333 3799 (l.
360 3738 532 3801 Lucretium
559 3757 624 3797 cum
652 3757 692 3796 ex
718 3738 837 3798 decreto
857 3756 952 3814 nuper
976 3743 1095 3813 reperto
1116 3747 1233 3796 constet
1252 3742 1416 3801 exercitum
1438 3746 1491 3804 ad·

165 3841 288 3900 duxisse
314 3839 461 3910 Thisbes,
494 3859 531 3898 ea
554 3837 707 3914 expeditio
733 3845 802 3897 aute
827 3837 957 3896 Haliarti
982 3839 1233 3913 oppugnationem
1260 3840 1403 3902 collocari
1429 3863 1491 3919 uon

164 3949 279 4018 potest3
301 3959 371 4000 nam
391 3957 571 4015 quamquam
594 3957 613 3996 a
633 3937 750 3997 Creusa
770 3938 941 3997 Haliartum
962 3937 1157 4013 proficiscens
1179 3939 1312 3999 Thisbes
1334 3942 1416 4000 adire
1436 3962 1491 4020 po·

163 4043 232 4114 tuit,
259 4039 406 4100 Creusam
426 4039 577 4114 profectus
599 4057 666 4096 cnm
688 4057 749 4096 uua
773 4039 887 4096 triremi
912 4038 1074 4096 exercitum
1096 4056 1131 4095 eo
1152 4047 1286 4114 tempore
1307 4059 1409 4101 secum
1430 4063 1491 4106 uon

166 4143 280 4201 habuit.
316 4140 476 4199 Exercitus
492 4137 633 4214 Chalcide
654 4140 811 4214 expositus
825 4140 964 4216 primum,
986 4145 1019 4196 ut
1040 4147 1170 4214 pareat,
1192 4138 1363 4200 Haliartum
1385 4143 1491 4203 ductus

165 4253 222 4314 est,
244 4261 307 4319 qua
326 4247 500 4318 expugnata
521 4259 588 4298 cunr
603 4238 777 4300 Coronatus
798 4241 916 4312 iuterim
942 4240 1048 4297 consul
1068 4239 1104 4296 Ρ.
1119 4237 1254 4298 Licinius
1276 4259 1315 4300 ex
1328 4243 1492 4303 Thessalia
1566 4265 1568 4269 ’
1647 4259 1649 4265 ⁴

165 4343 290 4402 veniens
312 4358 473 4418 aggressus
494 4347 575 4398 esset
596 4339 678 4416 (Liv.
694 4339 744 4412 42,
767 4340 816 4412 67,
842 4339 888 4398 12.
911 4340 961 4413 43,
984 4339 1028 4416 4),
1050 4339 1125 4397 nihil
1147 4348 1301 4415 supererat
1321 4342 1491 4420 nisiexpe-

164 4443 241 4502 (litio
262 4441 406 4500 adversus
421 4441 599 4499 Thisbneos·.
632 4440 680 4498 Ita
701 4441 743 4499 sic
763 4459 883 4517 quoque
904 4440 1095 4498 confirmatur
1112 4459 1188 4516 quae
1208 4442 1256 4499 hic
1277 4443 1358 4518 apud
1371 4441 1492 4504 Livium

164 4544 204 4604 de
226 4543 340 4602 Thebis
361 4551 532 4613 narrantur,
554 4559 591 4600 ea
611 4540 774 4616 Polybium
796 4542 833 4599 de
854 4541 980 4600 Thisbis
1000 4541 1161 4600 rettulisse.
1182 4575 1224 4586 —
1243 4540 1380 4626 'Quando
1401 4563 1491 4620 expe·

167 4645 241 4704 ditio
264 4643 408 4718 adversum
430 4643 562 4701 Thisbes
585 4649 726 4716 suscepta
747 4641 797 4713 sit,
824 4649 963 4700 accurate
985 4641 1101 4700 deliniri
1126 4661 1187 4700 non
1207 4651 1308 4718 potest
1315 4663 1324 4714 3
1352 4644 1406 4703 sed
1425 4663 1493 4707 cum

166 4745 301 4806 Haliarti
321 4743 438 4802 obsidio
459 4762 520 4802 non
542 4741 701 4800 admodum
722 4743 773 4799 diu
792 4750 944 4819 protracta
963 4759 1031 4802 esse
1052 4743 1188 4804 uideatur
1208 4743 1435 4821 necquicquam
1456 4761 1493 4803 eo

167 4846 258 4908 ducat
288 4843 460 4902 Lucretium
491 4843 524 4901 in
554 4843 681 4900 hiemem
717 4859 813 4918 usque
844 4842 956 4902 bellum
977 4843 1213 4918 continuavisse,
1239 4844 1493 4920 probabiliter-'ad

167 4955 344 5006 summuum
365 4963 393 5002 a
416 4945 475 5003 683
497 4945 649 5002 referetur.

251 5042 344 5117 Quod
363 5045 433 5102 iude
454 5064 473 5103 a
493 5044 640 5122 principio
661 5043 754 5120 legati
774 5042 904 5104 Romani
924 5043 1157 5118 postulaverant,
1178 5051 1212 5106 ut
1232 5045 1346 5104 omisso
1363 5044 1495 5104 Boeoto·

170 5163 236 5203 rum
268 5144 397 5204 concilio
428 5145 683 5220 Boeotarchisque
714 5161 762 5202 res
798 5151 975 5204 tractaretur
1010 5143 1088 5201 inter
1119 5143 1274 5207 Romanos
1306 5153 1336 5204 et
1364 5147 1493 5223 populos

170 5243 318 5304 Boeotiae
344 5246 493 5324 singulos,
519 5246 549 5304 id
576 5264 644 5304 cum
671 5245 764 5304 secuti
784 5251 887 5303 esseut
910 5245 942 5301 iu
963 5261 1037 5320 pace
1058 5244 1260 5305 confirmanda
1279 5264 1352 5306 ,cum
1373 5246 1494 5323 populis
