3620 6080
547 642 843 695 oessnvnrrouus
862 641 978 694 neren.
997 645 1058 694 xv.
1389 627 1462 698 285

144 824 210 872 tres.
235 845 273 855 -
300 811 439 890 Denique
465 812 547 887 quod
573 811 610 870 ad
637 813 755 889 singula
781 813 879 887 capita
903 812 935 870 in
956 812 1014 870 fine
1040 812 1215 871 adscribitur
1235 806 1332 894 ἔδοξεν
1358 833 1466 892 perse

144 914 284 991 positum,
306 933 372 971 cum
395 931 472 989 quae
493 913 674 988 praecedunt
695 920 837 988 regantur
858 923 1003 970 commate
1024 903 1082 994 περὶ
1103 907 1202 969 τούτου
1224 917 1276 970 τοῦ
1296 906 1467 996 πράγματος

145 1004 229 1074 οὕτως
250 1003 364 1093 ἔδοξεν,
391 1012 448 1071 hoc
469 1013 629 1089 respondet
649 1014 796 1070 formulae
822 1015 856 1070 de
883 1031 916 1070 ec
943 1033 974 1070 re
1000 1016 1042 1070 ite
1063 1025 1238 1084 censuerunt,
1265 1015 1342 1074 illud
1369 1017 1465 1088 alteri,

146 1132 203 1190 qua
225 1115 411 1192 significatur
436 1121 506 1188 post
531 1114 707 1172 relationem
733 1114 916 1172 discessione
938 1114 1018 1171 facta
1042 1114 1073 1170 id
1098 1115 1134 1172 de
1157 1133 1216 1188 quo
1242 1117 1339 1192 agitur
1360 1118 1467 1176 maiori
1537 1095 1540 1106 Ι

145 1215 221 1288 parti
242 1216 444 1290 praesentium
466 1215 625 1290 placuisse,
653 1233 759 1289 nempe
784 1232 923 1272 censuere.
951 1246 988 1255 -
1017 1215 1063 1270 Eo
1086 1221 1184 1271 autem
1208 1217 1326 1274 nomine
1349 1215 1468 1276 Graeca

145 1315 216 1372 haec
249 1315 348 1372 versio
380 1333 562 1390 magnopere
593 1315 693 1373 differt
724 1333 743 1371 a
775 1314 1043 1372 senatusconsultis
1076 1331 1152 1388 quae
1186 1315 1329 1376 habemus
1360 1317 1467 1378 Latine

144 1415 263 1490 scripta,
285 1415 367 1490 quod
388 1435 455 1472 cum
476 1415 549 1472 haec
564 1416 708 1473 formulas
724 1415 884 1473 sollemnes
899 1415 1107 1490 legitimasque
1123 1416 1185 1472 suis
1198 1417 1273 1474 locis
1288 1429 1425 1478 accurate
1439 1426 1468 1481 et

143 1515 229 1590 plene
250 1527 372 1590 ponant,
396 1515 504 1582 Graeci
526 1517 655 1574 hominis
678 1515 825 1574 eiusmodi
850 1515 997 1572 sermonis
1018 1515 1203 1590 impatientia
1224 1519 1272 1575 vel
1292 1520 1323 1576 in
1345 1519 1402 1577 hoc
1423 1519 1467 1577 in-

146 1622 308 1673 strumento
331 1617 551 1691 quodammodo
579 1618 709 1675 cernitur
737 1617 839 1674 multis
868 1634 969 1672 earum
991 1615 1038 1674 vel
1058 1615 1090 1674 in
1110 1619 1317 1692 compendium
1338 1619 1467 1678 redactis

145 1715 191 1772 vel
205 1717 426 1791 praetermissis
449 1725 478 1774 et
499 1717 542 1774 ita
557 1717 686 1792 quidem,
710 1726 741 1774 ut
756 1717 794 1773 ad
809 1716 1030 1792 grammaticam
1045 1717 1097 1790 qui
1111 1703 1339 1777 instrumentum
1355 1719 1467 1796 exigat,

145 1833 233 1891 saepe
248 1817 476 1876 concinnitatem
490 1818 650 1878 verborum
667 1817 800 1892 adeoque
817 1818 927 1874 iustum
951 1817 1164 1875 sententiarum
1185 1838 1294 1876 nexum
1309 1820 1467 1880 desideret.

142 1915 190 1974 Ita
215 1917 285 1992 ipsa
305 1918 439 1995 legitima
459 1918 656 1994 praescriptio
678 1919 709 1975 in
730 1917 894 1992 posteriore
916 1919 1178 1976 senatusconsulto
1201 1921 1313 1978 omissa
1334 1929 1381 1978 est
1402 1900 1469 1980 sola

144 2017 189 2074 die
204 2025 340 2094 excepta,
364 2019 479 2076 scilicet
493 2019 572 2094 quod
587 2019 703 2094 reliqua
716 2020 807 2076 verba
823 2019 925 2076 eadem
946 2026 1015 2076 sunt
1030 2027 1119 2095 atque
1139 2020 1170 2077 in
1184 2020 1292 2095 priore.
1326 2019 1469 2080 Similiter

143 2137 169 2174 v.
191 2117 231 2174 20
261 2126 330 2176 ante
352 2109 410 2198 aspi
431 2115 534 2200 ἀρχῶν
562 2138 600 2177 ex
626 2119 872 2194 praecedentibus
894 2139 922 2177 v.
946 2120 981 2176 17
1005 2120 1203 2195 supplendum
1233 2130 1279 2177 est
1306 2115 1363 2204 περὶ
1386 2111 1423 2179 ὧν
1445 2123 1469 2180 οἱ

144 2209 221 2274 αὐτοὶ
243 2208 349 2294 λόγους
370 2208 543 2289 ἐποιήσαντο.
586 2220 660 2276 Item
687 2238 752 2277 cum
780 2219 935 2277 sollemnis
964 2220 1038 2278 ordo
1066 2221 1115 2277 hic
1140 2220 1192 2290 sit,
1221 2231 1254 2278 ut
1277 2231 1348 2296 post
1368 2223 1468 2280 decer-

143 2319 231 2376 nendi
253 2337 374 2378 causam
396 2321 591 2377 strationem
620 2310 692 2402 (impl
719 2308 755 2376 οῗν
777 2317 790 2374 ὃ
814 2313 891 2375 δεῖνα
912 2312 1018 2394 λόγους
1039 2310 1202 2391 ἐποιήσατο,
1230 2312 1304 2382 ὅπως
1328 2322 1397 2396 cet.)
1426 2324 1470 2381 sic

143 2427 295 2496 pergatur:
318 2409 377 2500 cepi
398 2409 499 2476 cedros
522 2411 755 2502 τοῦπράγματος
770 2410 858 2477 odrae
872 2410 970 2500 ἔδοξεν
986 2416 1152 2477 drauscium
1174 2422 1223 2480 vel
1241 2413 1315 2482 duwe
1330 2415 1469 2480 ararad).-

142 2527 242 2580 λωοιο·
269 2511 378 2599 ἔδοξεν,
400 2521 527 2595 scriptor
552 2521 706 2579 brevitatis
728 2539 820 2578 causa
840 2521 915 2578 illud
937 2511 1025 2578 οὕτωο
1045 2511 1144 2600 ἔδοξεν
1170 2524 1282 2603 passim
1306 2524 1415 2594 omisit,
1437 2531 1470 2582 ιιι

143 2620 200 2678 iam
228 2617 396 2677 ἀποστεῖλαι
422 2623 471 2679 vel
497 2613 573 2682 dume
594 2613 806 2678 ἀποοτέλλωοον
834 2621 962 2697 pendeat
988 2623 1025 2680 ab
1046 2611 1145 2700 ἔδοξεν
1172 2642 1207 2679 eo
1232 2623 1313 2698 quod
1335 2625 1469 2699 sequitur

143 2739 238 2795 neque
260 2739 317 2779 sua
338 2723 369 2779 ui
394 2721 451 2780 hoc
470 2731 536 2793 stet,
559 2731 592 2779 ut
613 2741 731 2798 semper
753 2729 811 2780 stat
832 2723 863 2780 in
885 2721 1013 2780 decretis
1035 2721 1143 2792 Latine
1166 2725 1297 2800 scriptis.
1335 2723 1466 2782 Omnino

144 2822 437 2887 senatusconsultum
471 2823 527 2880 hoc
559 2823 602 2880 ita
628 2823 786 2900 legendnm
814 2829 874 2895 est,
905 2831 938 2880 ut
968 2823 1000 2880 in
1027 2821 1152 2882 Graecis
1180 2824 1333 2882 vocabulis
1363 2841 1470 2883 sensus

144 2921 268 2982 Latinos
289 2924 440 2980 rimemur.

225 3125 336 3182 Latina
350 3126 496 3184 elementa
517 3124 633 3185 Graece
650 3127 695 3184 ita
708 3127 769 3184 fere
784 3125 958 3199 redduntur,
979 3137 1011 3185 ut
1024 3128 1058 3186 fit
1071 3129 1102 3185 in
1118 3128 1184 3185 aliis
1207 3128 1271 3184 eius
1287 3129 1354 3185 aevi
1368 3146 1471 3185 monu-

145 3226 262 3283 mentis.
296 3225 417 3284 Vocalis
433 3227 557 3302 elonga
571 3228 748 3304 exprimitur
761 3246 815 3300 per
830 3249 861 3283 ου
878 3218 1040 3302 (Μούκιος),
1055 3228 1154 3284 brevis
1169 3245 1223 3302 per
1238 3249 1250 3282 ο
1267 3220 1404 3300 (Κόιντος,
1418 3233 1471 3284 Λο-

144 3316 257 3407 spirare,
280 3318 418 3392 Νομιόιος,
439 3321 577 3402 Πόπλιος)
599 3327 760 3385 secundum
775 3328 870 3402 legem
885 3346 961 3397 eam,
984 3327 1020 3384 de
1040 3345 1100 3402 qua
1118 3345 1213 3401 nuper
1228 3327 1314 3384 docte
1329 3327 1470 3401 exposuit

145 3423 359 3502 Dittenberger
385 3427 428 3502 (in
450 3426 581 3485 Hermae
601 3429 661 3485 vol.
685 3428 703 3485 6
724 3448 754 3504 p.
776 3427 860 3502 282).
909 3427 1006 3502 Magis
1031 3427 1175 3484 notabilis
1204 3435 1250 3484 est
1275 3427 1371 3483 forma
1397 3420 1471 3482 εἰδο-

144 3543 199 3601 pro
220 3526 331 3590 Latino
353 3529 426 3598 toln,
450 3528 569 3587 rediens
590 3547 626 3585 ea
648 3528 695 3604 (ut
715 3527 869 3585 admonuit
889 3525 1115 3604 Dittenberger)
1140 3527 1171 3584 in
1193 3535 1314 3584 senatus
1335 3525 1470 3584 consulto

145 3625 182 3683 de
202 3627 418 3685 Prienensibus
441 3627 543 3685 8.·619
567 3626 648 3703 (vide
667 3645 759 3702 supra
779 3647 808 3702 p.
827 3626 898 3685 156:
926 3621 975 3707 apd
996 3624 1102 3706 ἡμερῶν
1124 3617 1201 3682 πέντε
1217 3620 1326 3682 eidemin
1342 3617 1471 3707 Φεβροοο·

145 3718 232 3808 ρι’ωο),
253 3747 320 3785 cum
341 3735 448 3803 postea
471 3729 559 3806 vulgo
582 3729 731 3787 scribatur
753 3747 813 3786 non
836 3722 933 3784 εῖδοοῖν
954 3728 1003 3785 vel
1024 3723 1142 3792 εἰδοιοῒν,
1164 3725 1216 3784 sed
1236 3725 1316 3782 εἰδῶν
1339 3725 1376 3784 ab
1395 3719 1470 3785 εἰδοί.

145 3826 222 3884 Item
238 3828 318 3903 quod
333 3848 350 3886 ο
365 3847 542 3900 consonans,
564 3829 615 3886 ubi
630 3829 809 3887 vocabulum
828 3829 865 3886 ab
880 3849 916 3888 eo
930 3828 1061 3905 incipiat,
1076 3827 1230 3898 omittitur,
1253 3826 1316 3884 eius
1331 3827 1472 3885 omissio·

146 3927 193 3985 nis
221 3928 303 3985 aliud
329 3929 497 4004 exemplum
522 3929 638 3986 nullum
665 3929 737 3986 mihi
759 3937 878 4005 praesto
905 3937 950 3986 est
971 3935 1088 4002 praeter
1115 3927 1237 4002 aequale
1258 3927 1321 3984 fere
1344 3927 1474 4002 catalogi

146 4045 348 4101 proxenorum
366 4028 616 4105 Delphicorum1)
640 4048 667 4087 v.
683 4029 735 4086 16:
763 4019 878 4088 Κοίντος
891 4019 1015 4110 Ὀτέριος
1029 4019 1143 4084 Κοίντου
1158 4025 1304 4094 Ῥωμαῖοι,
1326 4027 1406 4101 quod
1427 4033 1474 4084 cs't

147 4126 255 4186 Latine
275 4129 309 4198 Q.
328 4130 459 4188 Voturiae
474 4130 537 4188 sive
553 4130 684 4189 Veturius
698 4128 732 4200 Q.
742 4132 781 4206 s,
797 4138 829 4187 ut
843 4129 958 4186 mittam
972 4127 1103 4186 Venetos
1117 4117 1243 4188 Ἐοέτοος
1259 4125 1471 4202 similiaquell.

225 4310 250 4372 1)
275 4312 401 4362 Wcscher
423 4320 447 4362 et
469 4315 581 4364 Foucart
605 4315 681 4364 inser.
701 4315 796 4378 Delph.
815 4331 841 4378 p.
861 4316 955 4378 20seq.
992 4313 1034 4362 De
1057 4321 1172 4376 tempore
1197 4313 1331 4376 diligenter
1356 4311 1474 4374 exposuit

148 4400 183 4449 A.
205 4401 352 4452 Mommsen
377 4405 404 4452 in
429 4405 559 4469 Philologi
586 4407 635 4454 vol.
657 4407 692 4456 24
714 4422 740 4470 p.
760 4405 869 4469 25seq.;
894 4405 1003 4468 scriptus
1028 4411 1066 4453 est
1090 4404 1220 4467 catalogus
1245 4418 1268 4452 a.
1287 4419 1312 4452 ιι.
1333 4418 1354 4451 ο.
1375 4401 1426 4451 557
1447 4407 1473 4450 et

149 4490 277 4556 deinceps.
298 4521 331 4530 -
353 4493 403 4554 Qui
416 4495 443 4544 in
457 4511 487 4545 eo
501 4497 667 4545 nominantur
680 4512 703 4545 v.
719 4498 785 4546 112:
804 4489 882 4551 Τίτος
894 4489 1029 4561 Κοίγκτιος
1041 4487 1120 4542 Τίτου
1133 4481 1187 4550 υἱός
1198 4485 1320 4560 Ῥωμαῖος.
1331 4499 1356 4541 et
1368 4507 1392 4540 v.
1408 4492 1474 4541 1182

148 4569 269 4649 Μοίοιρκος
294 4573 417 4649 Δίμιὶλιος
439 4581 552 4642 Λέπιδος
575 4576 696 4654 Μοοίρκοο
715 4573 769 4644 vida
784 4577 915 4652 Ῥωμαῖος,
935 4600 980 4634 eos
999 4585 1095 4634 dudum
1120 4583 1276 4636 intellectum
1300 4590 1339 4632 est
1357 4581 1475 4631 consules

149 4684 205 4720 esse
224 4686 248 4721 a.
264 4673 316 4722 556
337 4681 362 4722 et
382 4676 443 4725 567.
482 4677 584 4727 Tertius
602 4678 708 4728 v.115:
732 4664 837 4732 Arduum
854 4669 969 4732 Ἀκίλιος
987 4670 1117 4732 Καίσωνος
1134 4663 1187 4731 υἱός
1205 4681 1279 4739 pater
1302 4679 1340 4722 est
1363 4671 1476 4721 consulis

149 4774 172 4812 a.
191 4762 246 4812 604
269 4757 316 4813 Μ’.
336 4765 416 4815 Acilii
433 4768 463 4817 L.
483 4768 503 4818 f.
521 4769 555 4818 Κ.
574 4784 601 4817 ιι.
620 4767 705 4818 Balbi.
749 4768 792 4817 De
815 4767 921 4832 reliquis
946 4766 1071 4817 Romanis
1095 4767 1139 4831 qni
1161 4767 1198 4816 ibi
1222 4765 1389 4814 nominantur
1411 4761 1476 4812 mihi

148 4865 204 4902 non
222 4859 332 4904 constat.

228 4941 254 5006 ²)
276 4937 432 5019 ‘Otanada
457 4951 579 5013 scriptum
603 4956 642 4998 est
664 4950 692 4998 in
711 4949 785 4998 titulo
803 4949 893 4998 Attico
916 4947 966 4996 vol.
986 4947 1029 4997 111
1047 4962 1073 4996 n.
1088 4939 1158 4997 561?
1196 4943 1251 5008 [W.
1270 4941 1473 5008 Dittenbergcrd

149 5037 238 5086 Etiam
257 5039 286 5087 in
303 5039 396 5111 Latino
415 5039 457 5088 ΠΙ
475 5055 501 5088 n.
520 5040 591 5090 5636
614 5040 706 5104 legitur
728 5035 827 5088 Ultinia
850 5037 1032 5102 perscriptum,
1057 5037 1126 5102 quod
1149 5037 1219 5096 hurd
1238 5037 1290 5087 scio
1310 5049 1344 5086 an
1362 5034 1423 5082 item
1444 5031 1483 5082 ad'

151 5127 281 5180 Graecam
299 5129 418 5178 vocabuli
435 5131 670 5193 pronuntiationem
689 5130 852 5180 referendum
870 5129 911 5190 sit,
931 5143 989 5178 cum
1007 5129 1095 5180 titulus
1113 5127 1276 5180 sithominis
1294 5126 1476 5194 Philippensis.

153 5219 181 5268 A
199 5220 294 5271 Latina
312 5221 381 5271 enim
401 5195 584 5273 consuetudine
603 5222 666 5274 haec
683 5222 784 5272 litterae
804 5220 908 5272 omissio
927 5218 1055 5271 abhorret.
