3620 6080
653 605 920 692 timosthenes.

588 773 666 834 Sax-
682 793 819 837 roureio
835 809 842 822 ·
855 793 910 836 sax
923 809 929 821 ·
942 777 999 856 Fu·

723 894 847 940 maximo

586 991 753 1038 sacramur
781 1008 787 1022 ·
814 991 901 1038 sous
927 1009 933 1024 ·
957 995 990 1036 nr

587 1077 991 1138 V1Cr1·1d·raTR1·PAt·lctn

532 1197 543 1234 c
587 1177 992 1250 oo·c0as·ruslac'rrocn

586 1293 745 1338 rsnsrvn
781 1311 787 1323 ·
823 1293 990 1339 sacanno

589 1394 643 1437 ras
664 1409 670 1422 ·
693 1393 926 1439 soliemnem
944 1380 992 1438 ·1h

589 1494 635 1538 oa
660 1494 819 1538 anonam
845 1495 885 1538 ar
905 1497 991 1538 nam

587 1597 626 1636 ra
646 1609 653 1624 ·
675 1595 737 1638 rrvs
760 1609 767 1624 ·
790 1595 927 1640 seuran-
951 1597 991 1642 ns

523 1700 548 1738 ιο
735 1696 788 1738 aar

131 1801 296 1876 Descripsit
317 1799 488 1878 Helbigius‚
509 1799 575 1875 ipse
598 1799 709 1857 contuli
732 1809 762 1856 et
782 1803 910 1859 correxi.

165 1901 267 1960 Patres
292 1901 371 1960 iuter
396 1909 509 1978 septem
536 1899 650 1978 gradum
676 1918 779 1957 eorum
801 1895 857 1975 qui'
874 1903 1026 1978 mysteriis
1048 1903 1215 1963 Mithriacis
1238 1906 1346 1966 initiati
1368 1919 1454 1968 eraut

129 2002 175 2076 (cl.
197 2001 403 2079 Hieronymus
425 2001 512 2077 epist.
532 2000 589 2058 107
612 2000 651 2058 ad
672 1998 811 2076 Laetam)
834 2001 960 2078 gradum
984 2003 1162 2063 altissimum
1184 2016 1345 2082 occupant,
1369 2020 1455 2084 poter

127 2103 213 2178 igitur
229 2111 353 2179 patrum
374 2121 523 2161 summum
546 2101 677 2159 omnium
699 2100 796 2158 locum
819 2101 934 2160 obtinet
953 2121 1009 2178 pro
1025 2121 1201 2181 summoque
1215 2107 1344 2166 Mithrae
1358 2127 1454 2168 sacer-

128 2203 192 2261 dote
213 2203 372 2262 habendus
394 2211 448 2262 est.
487 2201 604 2278 Siglum
625 2201 651 2259 rii
672 2186 779 2260 nomen
795 2201 923 2260 Mithrae
945 2204 1057 2264 indicat
1080 2205 1168 2264 etiam
1190 2207 1222 2264 in
1236 2207 1454 2279 titulo-urbano

128 2301 196 2376 (Vl,
213 2303 305 2378 737),
334 2321 422 2378 quem
448 2304 562 2379 primus
589 2302 682 2360 edidit
703 2284 855 2360 Brunnius
882 2304 965 2362 Bull.
988 2305 1055 2364 dell'
1069 2306 1141 2364 Iast.
1160 2305 1239 2366 1862
1261 2309 1454 2386 p.150seq.‚

128 2403 345 2480 depingendum
373 2404 488 2460 curavit
510 2401 638 2461 Carolus
660 2401 833 2464 Ludoricus
848 2403 986 2462 Visconti
1012 2407 1042 2462 in
1070 2408 1228 2466 annalibus
1250 2408 1382 2468 eiusdem
1404 2410 1456 2468 In·

127 2505 219 2562 stitnti
241 2525 270 2563 a.
291 2503 371 2562 1864
392 2504 423 2562 in
444 2503 547 2562 tabula
569 2504 689 2562 adnexa
708 2501 738 2561 N
761 2503 814 2578 (cf.
836 2501 940 2580 prii?
950 2506 1058 2581 seqq).
1074 2539 1115 2550 -
1137 2507 1194 2566 Vv.
1212 2498 1275 2568 se
1297 2509 1454 2584 legendum

125 2615 168 2662 est
188 2605 245 2664 sic:
277 2621 454 2678 Quinquennis
466 2619 595 2664 consero
611 2619 764 2662 namucno
779 2619 1007 2666 coeanensium.
1050 2605 1294 2684 Quinquennales
1316 2611 1456 2688 collegio·

125 2724 186 2763 rum
209 2706 331 2765 ostendi
352 2705 422 2764 alibi
445 2703 540 2780 (Buld.
562 2704 812 2763 saturaremur
837 2725 866 2782 p.
886 2705 943 2764 148
953 2707 1050 2782 seqq.)
1073 2707 1105 2766 in
1125 2709 1234 2784 quinos
1257 2729 1364 2782 annos,
1385 2730 1455 2783 non,

125 2813 155 2862 nt
179 2807 421 2882 quinquennales
449 2805 692 2882 municipiorum,
720 2805 752 2863 in
777 2805 911 2880 quintum
937 2825 1084 2884 quemque
1110 2827 1219 2867 aunum
1245 2819 1362 2868 creatos
1388 2829 1456 2870 esse

125 2906 214 2964 allato
248 2908 418 2982 fragmento
448 2906 602 2964 fastorum
621 2905 741 2982 collegii
768 2905 940 2978 cuiusdam,
971 2907 1004 2965 in
1032 2909 1140 2984 quibus
1169 2919 1239 2984 post
1265 2909 1358 2986 quina
1386 2929 1456 2969 eon·

124 3007 217 3066 sulum
244 3009 334 3084 paria
360 3006 598 3082 quinquennales
626 3023 680 3064 sex
707 3025 832 3066 numero
858 3015 1018 3084 ponuntur.
1063 3007 1099 3074 Id
1125 3009 1283 3088 collegium
1311 3029 1377 3070 cum
1404 3031 1458 3088 per

123 3106 232 3178 lustra,
248 3109 348 3166 fastos
382 3125 452 3166 suos
484 3106 617 3178 ordinet,
652 3105 742 3172 facile
774 3106 970 3182 intellegitur,
1006 3127 1058 3166 cnr
1089 3110 1194 3184 quinto
1227 3127 1346 3186 quoque
1380 3111 1457 3170 ann'o

123 3209 288 3286 magistros
320 3207 457 3278 mutarit,
484 3206 720 3282 crediderimque
748 3224 943 3283 quaecunque
970 3208 1097 3284 collegia
1118 3227 1178 3266 non
1200 3210 1239 3268 ad
1260 3217 1370 3282 annos,
1404 3213 1458 3271 sed

120 3309 160 3366 ad
185 3310 289 3368 lustra
314 3315 484 3378 numerent,
510 3307 541 3364 id
568 3307 651 3382 quod·
676 3324 765 3382 saepe
792 3325 850 3365 usu
871 3307 971 3364 uenire
999 3317 1101 3368 notum
1128 3287 1189 3380 est,
1217 3311 1380 3386 magistros
1405 3313 1457 3370 ha-

122 3408 223 3469 buisse
258 3408 499 3485 quinquennales
532 3397 628 3466 dictos
661 3417 691 3465 et
721 3413 801 3464 recte
833 3414 894 3464 tam
928 3427 966 3464 ex
997 3407 1100 3466 lustris
1128 3408 1324 3484 collegiorum
1354 3409 1458 3487 colligi

122 3512 287 3586 magistros
312 3509 407 3566 fuisse
434 3508 671 3585 quinquennales
696 3525 785 3583 quarn
812 3525 851 3564 ex
877 3507 1029 3584 magistris
1050 3509 1322 3583 quinquennalibus
1343 3513 1457 3587 tempo·

119 3594 248 3669 rum'ad
271 3610 370 3668 lustra
391 3609 633 3684 descriptionem.
654 3639 692 3652 -
724 3606 867 3666 Traiectus
888 3607 940 3682 qui
968 3618 1217 3668 commemoratur
1238 3609 1303 3668 sive
1323 3615 1457 3672 traiectus

121 3710 206 3769 locus
229 3709 352 3770 videtur
374 3727 450 3782 esse,
472 3727 531 3785 quo
553 3711 664 3768 flumen
684 3707 808 3784 aliquod
830 3707 1061 3766 transvehuntur
1082 3709 1222 3784 scaphae,
1246 3709 1278 3769 id
1300 3717 1347 3768 est
1367 3711 1457 3769 statio

121 3813 366 3887 scaphariorum,
399 3818 432 3869 ut
460 3807 593 3868 venetiis
624 3809 744 3868 nomine
776 3807 874 3866 adhuc
903 3814 1028 3866 utuntur¹
1052 3808 1133 3884 quod
1161 3819 1208 3870 est
1236 3820 1346 3870 tractio.
1392 3810 1458 3870 Iam

121 3930 187 3968 cum
222 3911 417 3970 inveniantur
447 3909 552 3970 Ostiae
584 3927 694 3986 corpus
726 3909 942 3984 scaphariorum
975 3917 1001 3966 et
1033 3908 1293 3970 lenunculariorum
1326 3915 1457 3970 traiectus

119 4011 243 4070 Luculli
267 4008 377 4086 (Orell.
400 4011 495 4086 4109)
524 4019 554 4068 ει
579 4008 858 4086 q(uiu)q(uenuulis)
880 4011 1008 4066 treiectus
1029 4027 1199 4066 marmorum
1220 4008 1329 4082 (Orell.
1349 4011 1456 4086 4106),

120 4115 255 4171 treiectus
280 4129 398 4188 quoque
421 4115 608 4186 toputensium
633 4110 671 4189 ad
693 4107 808 4168 Ostiam
832 4109 947 4167 videtur
967 4108 1141 4168 referendus
1163 4126 1245 4180 esse,
1267 4109 1457 4187 'rogatenses

118 4221 222 4272 autem
247 4211 475 4287 scaphariorum
498 4209 621 4286 aliquod
641 4210 735 4268 luisse
758 4191 953 4286 collegium*
972 4207 1032 4282 Qui
1057 4227 1110 4267 cur
1131 4209 1265 4268 dicantur
1289 4209 1458 4286 Topotsuscs

118 4330 180 4371 non
203 4311 375 4388 perspicio-z
397 4311 537 4369 videntur
557 4319 658 4368 tamen
679 4309 780 4385 aliquo
802 4309 891 4366 modo
913 4309 1063 4367 coniuncti
1079 4327 1144 4368 esse
1158 4329 1223 4367 cnm
1239 4309 1364 4385 togatis3
1386 4324 1457 4368 nam

118 4413 355 4471 declinationem
383 4430 460 4487 qnae
489 4421 536 4470 est
562 4413 638 4470 ensis
665 4429 726 4468 non
754 4411 793 4468 ad
820 4409 983 4468 civitatium
1011 4408 1132 4466 nomina
1159 4409 1225 4466 sola
1252 4415 1332 4466 recte
1362 4409 1457 4486 appli-

117 4513 180 4570 cari
204 4521 380 4571 monstrant
399 4512 513 4570 formae
535 4529 612 4586 quae
635 4517 706 4568 sunt
728 4508 901 4580 Cicinmses,
924 4508 1117 4579 Quirirrcnses,
1139 4509 1331 4590 Paricneusrs
1357 4507 1457 4581 (Hen-

118 4633 175 4671 zen
193 4611 472 4688 7216)‚'fortasse
501 4612 591 4669 etiam
617 4625 758 4669 ssrrenscs
787 4609 839 4684 (ci.
862 4609 899 4666 de
921 4607 1012 4668 Rossi
1033 4608 1115 4668 Ball.
1139 4610 1170 4667 di
1191 4607 1312 4667 arclsol.
1336 4611 1414 4668 crist.
1438 4606 1455 4664 2

116 4733 146 4790 p.
164 4712 207 4772 57
217 4712 334 4788 seqq).
373 4712 497 4788 Topatos
519 4729 538 4768 a
552 4712 622 4785 soro
644 4719 670 4768 st
691 4691 726 4767 de
746 4712 907 4767 cocomario
922 4707 1027 4767 Ostiae
1048 4708 1188 4767 novimus
1210 4705 1278 4784 (Or.
1294 4707 1401 4784 4109).
1417 4738 1455 4751 ·—

117 4813 278 4872 Formula
297 4829 375 4888 qnae
396 4812 427 4870 in
448 4811 507 4870 tine
528 4809 733 4886 inscriptionis
755 4819 802 4867 est
823 4827 931 4884 semper
951 4808 1035 4867 ledet
1054 4808 1127 4866 mihi
1149 4817 1179 4868 et
1199 4825 1277 4866 nova
1296 4817 1343 4878 est
1361 4817 1391 4866 et
1406 4829 1458 4883 pa·

116 4932 186 4972 rum
210 4911 414 4990 intellegitur:
436 4907 568 4989 cog'itavi
588 4909 686 4988 primo
701 4909 738 4966 de
752 4907 853 4967 littera
867 4909 884 4966 d
897 4905 964 4966 loco
978 4907 1096 4966 litterae
1110 4909 1250 4986 aposita,
1272 4907 1314 4965 ita
1331 4918 1363 4965 ut
1376 4909 1459 4966 hahet

117 5014 277 5090 scriptum
299 5013 340 5070 sit
359 5030 416 5088 pro
437 5021 511 5070 uum:
535 5009 587 5070 sed
608 5026 707 5098 neque
727 5009 801 5066 haec
815 5001 946 5066 formula
959 5007 1079 5071 aliunde
1091 5015 1165 5066 nota
1178 5017 1225 5067 cst
1238 5025 1335 5086 neque
1351 5006 1459 5066 vitiosa

115 5133 154 5174 ea
179 5113 339 5190 scriptura
359 5111 499 5171 convenit
518 5109 604 5170 titulo
626 5106 705 5169 recta
726 5117 757 5169 et
777 5117 914 5167 accurate
935 5109 1112 5184 perscripto.

696 5259 898 5271 m

1197 5299 1234 5354 15
