3620 6080
638 627 818 680 5555555.
838 628 1043 682 ssvsnrvrr.
1402 613 1476 685 237

148 797 218 856 item
250 797 389 856 oculatus
424 797 590 873 Dionysius
611 797 707 874 -(post
740 809 766 856 5.
791 799 865 875 747)
896 800 1038 858 refectam
1071 803 1190 861 stetisse
1221 804 1334 864 eisdem
1366 805 1476 882 quibus

147 907 269 963 vetusta
283 898 419 976 vestigiis
436 930 473 940 -
490 916 558 954 nam
579 898 638 956 hoo
649 887 740 972 61511,
763 917 831 958 eum
853 899 983 960 affirmat
997 901 1171 961 Romuliani
1186 906 1289 981 templi
1303 900 1333 962 τὲ
1352 901 1477 988 ἀρχαῖον

148 989 232 1074 ἴχνος
254 999 345 1057 etiam
367 1005 429 1056 tum
453 999 655 1073 comparuisse
677 998 707 1071 2,
729 1001 769 1058 34
791 1001 828 1059 51.
851 1001 969 1060 Hermes
987 1003 1013 1074 7,
1035 1001 1151 1061 201-
1172 1005 1238 1080 quis
1261 1007 1381 1083 negabit
1401 1007 1477 1067 hano

148 1116 214 1158 esse
240 1119 307 1158 eam
336 1099 439 1158 aedem
466 1118 554 1175 quam
575 1103 682 1174 jecisse
709 1108 833 1159 testetur
859 1103 1035 1178 Augustus?
1066 1101 1126 1162 iarn
1153 1107 1180 1163 si
1206 1106 1263 1164 hoo
1290 1117 1403 1166 eertum
1430 1117 1478 1168 551

146 1219 244 1276 neque
258 1199 329 1259 ullis
344 1200 579 1259 dubitationibus
603 1203 777 1274 obnoxium,
800 1219 853 1260 our
873 1202 952 1261 idem
974 1205 1121 1280 pertinere
1142 1207 1299 1282 negaveris
1321 1207 1359 1266 ad
1381 1210 1477 1268 aedem

146 1301 229 1359 65555
249 1301 399 1360 Penatium
419 1305 450 1358 15
472 1301 563 1372 Velia,
595 1320 685 1377 quam
711 1303 768 1360 hoe
793 1303 917 1361 nomine
939 1313 969 1362 et
994 1305 1026 1361 in
1048 1307 1217 1382 Argeorum
1244 1309 1338 1368 saeris
1360 1311 1477 1369 eireiter

147 1409 235 1460 sexto
252 1402 373 1460 saeculo
395 1402 573 1479 conscriptis
596 1401 638 1478 (v.
656 1404 727 1480 Top.
743 1403 772 1475 2,
789 1403 863 1479 268)
886 1411 916 1462 51
936 1404 968 1470 iu
990 1407 1125 1482 catalogo
1147 1408 1351 1485 prodigiorum
1371 1412 1477 1474 talium

146 1520 247 1560 rerum
269 1511 346 1561 teste
367 1503 515 1562 fidissimo
537 1503 574 1560 ad
588 1484 642 1562 aa.
659 1503 729 1562 587.
752 1503 812 1563 589
835 1504 984 1580 (151545,
1007 1507 1044 1565 16
1068 1507 1181 1583 Obseq.
1203 1510 1288 1585 prod.
1307 1511 1359 1587 13>
1381 1515 1476 1572 nomi·

147 1609 250 1662 natam
272 1601 462 1663 invenimus?
491 1623 545 1662 our
563 1623 626 1662 non
648 1606 687 1663 ad
709 1607 805 1664 nedem
819 1604 1477 1686 11555551555555555555515,55555555
1532 1610 1536 1616 ’

147 1703 245 1764 solum
260 1705 302 1764 ibi
316 1706 411 1764 fuisse
427 1704 554 1764 Ovidius
569 1705 590 1763 f.
607 1705 635 1777 6,
652 1705 709 1764 791
727 1706 799 1764 61511
813 1739 855 1750 -
869 1725 1049 1782 quamquam
1065 1709 1091 1767 is
1105 1709 1238 1788 Augusti
1252 1723 1476 1774 monumentum

134 1795 283 1863 ’551-11-
306 1807 520 1866 verumetiam
547 1807 627 1864 idem
652 1803 858 1883 prodigiorum
884 1807 1040 1886 catalogus
1069 1809 1106 1866 ad
1129 1829 1155 1868 5.
1179 1809 1238 1870 648
1265 1824 1477 1876 commemorat

148 1904 278 1983 (Obseq.
301 1924 327 1965 5.
349 1907 419 1983 41):
451 1911 482 1966 in
508 1909 578 1980 aede
598 1907 710 1964 Larum
728 1910 850 1984 flammo
876 1927 895 1966 5
909 1911 1033 1985 sastipio
1060 1911 1256 1971 adsumerent
1280 1917 1476 1993 5515515555-

146 2011 410 2066 551555111555515.
448 2009 562 2068 scilieet
582 2008 679 2067 futilis
702 2017 747 2067 est
768 2009 901 2085 opinatio
922 2011 1000 2068 hane
1022 2029 1090 2070 esse
1112 2013 1149 2070 ab
1171 2031 1209 2070 ea
1226 2033 1315 2090 quam
1338 2019 1476 2079 novimus

146 2107 308 2168 diversam.
331 2109 459 2184 denique
475 2111 584 2168 seimus
598 2110 764 2168 Iuventatis
780 2111 882 2168 aedem
898 2110 929 2168 in
944 2111 1024 2169 eireo
1038 2113 1169 2171 maximo
1185 2121 1214 2172 et
1228 2115 1335 2175 Matris
1349 2137 1476 2195 magnae

147 2208 178 2266 iu
199 2209 320 2268 Palatio
343 2211 447 2269 eodem
470 2230 496 2268 a.
514 2209 573 2284 563
597 2211 750 2293 dedicatas
772 2229 840 2270 esse
862 2210 944 2286 (Liv.
961 2211 1010 2284 36,
1026 2213 1091 2288 36),
1113 2223 1276 2276 51555555
1298 2217 1338 2276 sit
1358 2229 1477 2296 oportet

147 2309 219 2385 quin
245 2311 347 2370 videat
373 2313 427 2370 has
455 2329 575 2388 quoque
601 2313 638 2370 ab
660 2312 799 2388 Augusto
826 2312 952 2371 refectas
980 2322 1009 2371 et
1034 2313 1092 2372 hoo
1114 2315 1181 2373 loeo
1201 2325 1323 2393 propter
1344 2322 1476 2380 natalem

146 2413 273 2470 eundem
296 2413 368 2471 olim
391 2421 545 2489 acceptum
569 2414 700 2471 sociatas
723 2430 799 2472 esse.
837 2420 956 2491 praeter
975 2414 1076 2472 lovem
1096 2422 1249 2476 tonantem
1267 2418 1368 2496 igitur,
1394 2424 1475 2498 quod

146 2529 255 2570 nomen
281 2515 319 2572 ab
340 2515 480 2590 Augusto
501 2514 599 2590 primo
622 2521 828 2573 consecratum
852 2514 1073 2587 videturesse,
1102 2517 1324 2593 relinquuntur,
1351 2521 1388 2580 de
1410 2525 1475 2600 qui·

146 2613 203 2672 bus
232 2615 332 2690 possit
357 2615 501 2687 dubitari,
533 2614 652 2690 Quirini
678 2622 709 2673 et
734 2615 888 2674 Minervae
920 2634 986 2674 oum
1011 2617 1073 2676 suis
1100 2617 1174 2677 Iove
1202 2626 1232 2677 et
1257 2620 1379 2682 lunone.
1422 2625 1475 2691 sed

145 2714 183 2772 de
203 2715 261 2773 hoe
283 2716 352 2791 ipso
372 2717 571 2775 Auentinensi
593 2716 675 2792 quod
696 2719 802 2805 putant
823 2713 973 2792 Capitolio
995 2718 1085 2792 paulo
1107 2719 1191 2778 aliter
1213 2721 1367 2782 existimo:
1397 2743 1475 2802 nego

124 2815 219 2874 6555
236 2814 426 2893 Capitolinos
447 2818 490 2876 ibi
512 2836 573 2874 una
594 2817 667 2876 aede
689 2817 836 2894 tripertita
857 2817 954 2876 551155
976 2836 1054 2892 5555,
1076 2821 1205 2895 primum
1225 2823 1306 2896 quod
1319 2824 1475 2900 Augustus

145 2935 206 2974 non
228 2919 326 2976 aedem
347 2919 400 2976 sed
421 2921 505 2978 aedes
528 2919 616 2990 dixit,
639 2918 751 2988 651565
769 2917 850 2994 qnod
871 2919 960 2976 trium
982 2919 1137 2978 numinum
1159 2921 1248 2980 aedes
1269 2923 1302 2980 in
1323 2924 1475 2985 Aventino

145 3025 215 3076 ante
236 3019 410 3094 Augustum
438 3020 534 3078 fuisse
560 3027 590 3077 et
617 3019 751 3078 diversos
778 3020 894 3078 natales
915 3019 1027 3079 habere
1048 3027 1176 3094 constat,
1201 3023 1354 3083 Minervae
1375 3033 1475 3087 autem

145 3119 250 3178 aedem
272 3127 341 3194 post
362 3120 534 3196 Augustum
555 3137 614 3178 non
638 3120 745 3178 cellam
768 3120 820 3179 556
840 3120 944 3179 aedem
971 3121 1064 3180 fuisse
1087 3131 1239 3197 superstes
1259 3125 1357 3199 ipsius
1378 3127 1476 3187 forma

146 3221 241 3280 65551.
278 3221 376 3280 155515
398 3239 471 3280 5555
493 3229 539 3279 551
559 3221 704 3280 memoria
717 3221 796 3280 Iovia
813 3222 968 3280 libertatis:
992 3223 1045 3279 sed
1062 3229 1160 3281 tamen
1180 3225 1268 3282 facile
1288 3228 1475 3288 e'o'adducor

145 3329 178 3378 ut
205 3321 343 3393 credam,
375 3323 445 3380 huie
470 3322 532 3397 ipsi
561 3322 632 3395 deo,
665 3339 754 3397 quem
781 3322 847 3379 Iovi
866 3321 985 3396 sulpuri
1015 3322 1211 3400 hemerologii
1236 3325 1395 3390 Arvalium
1422 3330 1474 3387 alii

145 3430 359 3500 compararunt
378 3423 517 3499 titulique
538 3429 635 3481 aetate
649 3420 768 3481 'liberae
789 3421 832 3478 rei
854 3421 994 3496 publicae
1016 3423 1128 3480 cultum
1150 3441 1217 3483 esse
1239 3425 1355 3498 docent,
1378 3425 1474 3488 Grae-

145 3524 235 3582 chum
256 3543 283 3580 a.
300 3523 360 3582 516
383 3541 445 3582 555.
469 3523 567 3582 sedem
591 3540 727 3598 parasse,
749 3521 913 3580 Libertatis
936 3530 1034 3579 autem
1056 3541 1165 3582 nornen
1179 3543 1234 3600 pro
1255 3526 1389 3602 pleniore
1410 3529 1474 3588 sive

143 3623 225 3683 Livii
248 3623 299 3696 24,
324 3623 361 3682 16
383 3624 447 3682 sive
467 3623 571 3681 librari
592 3625 725 3682 incuriae
748 3623 858 3694 deberi,
885 3641 952 3681 oum
978 3625 1154 3697 praesertim
1175 3624 1338 3686 Libertatis
1364 3629 1472 3689 atrium

142 3727 234 3786 toties
268 3732 530 3784 commemoratum
564 3743 696 3784 errorem
728 3723 815 3782 155115
831 3741 1004 3800 -prooreare
1035 3726 1175 3800 potuerit.
1222 3726 1328 3786 deinde
1354 3729 1473 3789 1555515
1554 3711 1561 3736 ⁸

142 3831 262 3904 reginae
283 3825 387 3884 aedem
409 3825 617 3884 Camillianam
638 3826 671 3884 in
694 3825 845 3882 Aventino
867 3841 971 3887 omnes
992 3833 1103 3883 norunt
1123 3825 1204 3900 (Liv.
1225 3827 1254 3900 5,
1279 3827 1327 3887 21.
1345 3827 1393 3888 22.
1408 3830 1473 3907 23),

142 3947 317 4004 quanquam
339 3927 520 4002 aliquotiens
546 3927 634 3985 huius
661 3926 744 3985 aedis
770 3925 926 3984 historiam
952 3943 1018 3984 eum
1038 3926 1164 3986 Iunonis
1185 3927 1320 4005 Reginae
1340 3930 1372 3988 iu
1393 3933 1474 3991 51555

143 4029 296 4088 Flaminio
324 4029 444 4086 condita
470 4047 497 4086 a.
521 4027 580 4086 575
603 4027 759 4086 confusam
781 4026 971 4102 deprehendi,
996 4025 1034 4085 ut'
1055 4029 1134 4104 apud
1159 4028 1327 4088 Beckerum
1352 4051 1382 4108 p.
1401 4032 1472 4092 452.

144 4130 184 4191 56
204 4131 283 4188 hane
305 4129 384 4188 euim
406 4129 508 4188 aedem
524 4147 551 4186 5.
568 4128 628 4187 575
650 4127 817 4187 dedicatam
837 4129 987 4204 pertinent
1006 4129 1143 4205 prodigia
1164 4148 1209 4188 55.
1227 4130 1297 4188 592.
1314 4129 1383 4188 620.
1401 4130 1472 4191 621.

145 4231 216 4290 655.
241 4230 301 4289 657
324 4230 361 4288 ab
383 4228 573 4306 Obsequente
595 4247 620 4287 5.
640 4229 686 4287 16.
705 4226 753 4286 27.
770 4227 818 4286 46.
835 4229 874 4288 48
896 4229 1001 4301 551515,
1028 4229 1144 4305 quibus
1160 4237 1272 4289 attente
1293 4232 1473 4290 examinatis

144 4350 212 4391 eam
239 4331 343 4390 aedem
371 4331 468 4408 magis
496 4330 652 4406 magisque
680 4330 767 4406 quasi
795 4330 964 4389 effloruisse
989 4329 1133 4403 invenies,
1165 4349 1231 4390 oum
1257 4333 1473 4393 Aventinensis

145 4433 263 4491 delubri
288 4433 432 4490 memoria
458 4431 579 4490 saeculo
608 4431 735 4507 septimo
762 4430 926 4490 6511155551.
969 4431 1100 4489 natalem
1125 4431 1208 4490 Iovis
1230 4432 1414 4510 Iunoniaque
1441 4435 1473 4493 in

145 4533 299 4592 Aventino
320 4533 445 4591 eundem
465 4532 558 4592 fuisse
579 4532 815 4609 hemerologium
835 4531 993 4589 Arvalium
1013 4533 1132 4591 videtur
1150 4533 1255 4591 testari
1268 4533 1313 4616 ,56
1338 4535 1353 4591 1
1375 4531 1472 4610 Septa

145 4635 209 4694 Iovi
229 4635 336 4693 Iunoni
357 4637 387 4692 15
407 4631 556 4692 Aventino.
601 4631 693 4709 (quae
719 4634 811 4691 verba
838 4633 870 4690 in
896 4633 988 4690 litura
1014 4615 1115 4709 posita
1143 4641 1212 4691 sunt
1240 4633 1399 4692 subiuncta
1424 4635 1473 4694 his

144 4736 210 4796 Iovi
242 4732 352 4794 1555511
383 4738 413 4792 tn
448 4733 617 4810 Capitolio).
669 4751 739 4791 nam
770 4732 850 4791 falso
881 4731 965 4791 Iovis
997 4735 1131 4792 natalem
1161 4733 1277 4792 dixisse
1306 4735 1474 4794 Beekerum

144 4839 225 4913 Aug.
249 4837 286 4894 13
317 4835 391 4893 vidit
415 4835 585 4894 Mommsen
610 4835 650 4892 ib.
677 4854 706 4910 p.
728 4834 798 4892 399.
845 4841 941 4892 restat
966 4834 1055 4893 aedes
1080 4833 1234 4906 Minervae
1260 4834 1379 4893 condita
1405 4843 1475 4894 ante

146 4957 173 4997 a.
190 4936 249 4995 547
275 4935 371 5011 (Fest.
393 4955 422 5014 p.
440 4937 498 4996 333
522 4937 559 4994 ef.
580 4935 647 4994 Liv.
670 4934 721 5006 27,
743 4934 806 5010 37).
841 4935 873 4992 in
890 4935 1053 4994 formarum
1074 4935 1157 5004 urbis
1172 4923 1475 5012 Romaefragmehtis

146 5035 328 5112 Capitolinis
343 5047 364 5095 t.
378 5036 395 5094 I
409 5037 486 5096 Bell.
509 5042 591 5096 extat
611 5038 711 5113 imago
732 5034 815 5094 aedis
837 5021 1003 5110 peripteroe
1024 5035 1202 5112 hexastylos
1224 5037 1272 5096 eui
1291 5037 1475 5112 adscriptum

146 5137 312 5204 Minervae:
342 5137 459 5198 adiacet
484 5138 618 5214 porticus
645 5156 754 5216 magna
780 5135 827 5194 eui
853 5135 1037 5211 adscriptum
1066 5135 1245 5215 Cornificio.
1267 5180 1276 5196 .
1302 5139 1380 5198 hano
1406 5147 1475 5196 esse

146 5239 284 5317 [domum]
311 5239 503 5318 Cornificiam]
529 5240 650 5318 regione
670 5239 737 5300 XII
764 5238 802 5298 56
827 5236 986 5298 confinium
1011 5237 1125 5316 primae
1146 5239 1235 5299 sitam
1256 5245 1376 5318 praeter
1396 5238 1474 5298 alios
