3568 6070
316 595 388 667 120
886 607 1063 663 nonnemo

312 782 457 844 ‘mutilata
476 783 573 842 adhuc
597 781 738 851 cernitur,
763 798 840 858 quae
866 798 934 839 cum
960 779 1072 840 sacello
1097 779 1129 837 in
1150 794 1224 838 usus
1245 776 1394 835 humanos
1415 785 1463 834 est
1484 793 1638 834 conversa.

311 882 368 944 ‘ibi
388 892 487 944 autem
508 883 654 960 proximis
675 881 782 942 diebus
801 880 945 942 effossum
966 887 1013 940 eet
1033 880 1190 940 marmoris
1212 878 1349 952 frustum,
1371 876 1453 953 quod
1473 876 1504 934 in
1518 876 1642 934 frontis-

312 982 399 1061 ‘picio
420 983 554 1044 eiusdem
579 983 684 1062 templi
708 982 803 1042 luisse
829 981 1017 1042 arbitramur.
1060 981 1095 1040 ln
1118 997 1193 1057 quo,
1219 996 1312 1039 sensu
1332 977 1520 1054 imperfecto,
1546 977 1644 1036 incisa

313 1082 407 1144 ‘erant
427 1085 501 1144 haec
521 1079 636 1144 verba’r

621 1217 687 1261 AVG
702 1231 710 1246 ·
725 1215 788 1261 PON
804 1230 812 1246 ·
826 1215 893 1260 max
907 1228 916 1246 0
932 1214 1046 1260 TRIBVN

621 1316 744 1362 CENSOR
765 1315 826 1362 COS
847 1317 923 1360 vlu·

618 1417 807 1462 ANTONHWS
822 1417 860 1460 Pll
872 1430 879 1446 ·
891 1417 976 1461 AVGG
987 1429 995 1445 ·
1006 1415 1124 1462 salicas
1140 1413 1323 1460 assrtrvstrs

318 1519 400 1582 Nam
421 1539 488 1581 cum
510 1519 614 1581 titulos
635 1520 688 1598 qui
709 1527 780 1580 sunt
800 1533 923 1581 causor
938 1533 999 1579 cos
1012 1535 1065 1579 viu
1086 1537 1174 1579 nemo
1195 1517 1334 1576 habuerit
1354 1515 1414 1577 nisi
1435 1515 1646 1593 Vespasianus

315 1631 346 1683 et
370 1621 475 1694 Titus,
500 1630 566 1698 tum
585 1621 793 1700 Vespasianus
820 1621 925 1680 eodem
952 1625 1087 1696 tempore
1112 1619 1170 1679 luit
1195 1619 1268 1697 imp.
1294 1617 1404 1676 XVIII
1411 1659 1421 1692 ‚
1448 1635 1508 1694 quo
1537 1617 1647 1678 consul

315 1713 463 1782 octavum.
513 1720 604 1796 Quod
629 1740 702 1782 vero
726 1721 906 1782 Marlianius
932 1721 964 1780 in
989 1721 1076 1780 initio
1103 1737 1243 1780 versuum
1267 1719 1285 1777 2
1310 1727 1342 1778 et
1367 1720 1385 1778 3
1413 1718 1530 1778 litteras
1559 1705 1648 1794 ponit

316 1837 376 1882 css
399 1829 430 1884 et
449 1839 508 1896 arr,
534 1840 610 1900 quas
632 1820 819 1883 Grimaldius
840 1829 968 1881 testatur
987 1821 1085 1881 fuisse
1105 1822 1138 1880 in
1158 1821 1283 1880 alterius
1304 1819 1463 1896 fragmenti
1483 1819 1559 1891 fine,
1586 1838 1649 1879 non

314 1923 434 1984 videtur
454 1925 583 1996 obstare,
604 1941 671 1982 cum
689 1922 866 1982 Marlianius
888 1938 941 1981 eas
962 1921 1107 1982 facillime
1126 1921 1258 1998 potuerit
1278 1919 1399 1980 addere.
1434 1919 1533 1979 Totus
1555 1919 1649 1998 igitur

314 2023 420 2084 titulus
442 2025 488 2084 sic
508 2023 627 2083 videtur
646 2023 765 2083 restitui
785 2040 893 2102 posse:

481 2160 533 2212 imp.
553 2168 611 2202 caet.
631 2156 817 2202 usrasmues
839 2169 848 2186 ⁰
867 2156 931 2201 Avo
953 2170 960 2186 ·
983 2155 1059 2200 PONt
1079 2168 1087 2184 ·
1108 2157 1175 2200 ΜΑΧ
1195 2167 1204 2185 ⁰
1226 2155 1341 2198 TRlBVN
1364 2161 1411 2209 pot.
1432 2155 1481 2198 atat

627 2258 674 2300 lm?
695 2271 703 2286 ·
726 2257 800 2300 xviii
822 2270 831 2286 ·
852 2257 868 2300 P
890 2270 897 2286 ·
921 2257 937 2298 l’
960 2268 968 2286 ·
989 2253 1113 2300 CENSOR
1135 2269 1143 2285 ·
1166 2253 1228 2299 COS
1251 2269 1258 2284 ·
1280 2255 1333 2299 Vlll

441 2443 443 2448 ,
480 2392 1482 2452 cappam.severas-sonuromrnvsrnnvooruucss·sssrrrvers

315 2495 452 2573 Apparet
471 2513 539 2556 esse
559 2496 679 2556 titulum
700 2495 831 2558 aedificii
852 2495 1006 2558 cuiusdam
1027 2515 1047 2555 a
1060 2495 1252 2575 Vespasiano
1273 2495 1363 2567 facti,
1385 2513 1405 2553 a
1426 2493 1572 2573 Septimio
1596 2493 1651 2556 Se·

315 2613 388 2655 vero
414 2603 446 2654 et
466 2594 626 2657 Caracallo
650 2597 811 2657 restituti·
835 2594 997 2670 Quodnam
1021 2596 1111 2656 luerit
1135 2597 1282 2656 incertum
1308 2595 1455 2672 relinquo.
1504 2593 1650 2673 Cogitavi

316 2695 355 2754 de
381 2697 494 2773 templo
514 2696 606 2756 Pacis
633 2695 859 2775 aVespasiauo
881 2703 1050 2770 exstructo,
1076 2715 1144 2756 cum
1165 2704 1325 2772 utrumque
1345 2695 1544 2772 fragmentum
1565 2697 1651 2755 haud

228 2788 230 2794 ’
316 2795 407 2872 longe
427 2797 465 2855 ab
487 2798 553 2855 eius
574 2797 642 2856 loco
661 2806 814 2875 repertum
836 2797 884 2856 sit.
920 2795 1026 2875 Neque
1046 2797 1245 2874 improbabile
1266 2805 1314 2856 est
1333 2795 1365 2854 id
1385 2795 1556 2855 restitutum
1577 2815 1650 2857 esse

317 2913 337 2954 a
355 2894 501 2973 Septimio
523 2893 646 2970 Severo,
667 2915 735 2956 cum
756 2897 966 2976 deflagraverit
982 2896 1149 2958 Commodo
1169 2905 1324 2976 regnante,
1345 2897 1400 2957 sed
1420 2897 1556 2974 pluribus
1577 2915 1651 2957 sae·

316 2995 394 3054 culis
415 3003 487 3074 post
500 2997 654 3057 etiamtum
668 2998 733 3057 eius
747 2998 860 3058 mentio
874 2998 1028 3058 inferatur.
1063 2999 1107 3058 At
1121 2998 1240 3058 videtur
1252 2998 1467 3076 impedimento
1481 3016 1549 3059 esse
1564 2999 1651 3075 quod

318 3094 443 3157 Cassius
456 3095 585 3169 Dicto,
603 3098 640 3158 15
662 3106 766 3157 narrat
785 3098 928 3176 templum
945 3100 1037 3159 Pacis
1059 3094 1106 3178 (ri
1128 3100 1180 3172 τῆς
1200 3088 1314 3182 Εἰρήνης
1334 3091 1458 3177 τέμενος)
1479 3098 1651 3159 dedicatum

318 3213 386 3256 esse
407 3215 434 3257 a.
450 3197 500 3269 75,
521 3197 677 3274 inscriptio
698 3216 771 3258 vero
790 3197 846 3259 illa
866 3206 914 3260 cst
935 3201 1005 3260 anni
1021 3199 1069 3260 78.
1105 3199 1237 3262 Videant
1256 3201 1349 3279 igitur
1369 3197 1551 3279 topographi
1573 3219 1648 3260 num

317 3297 367 3357 cui
387 3298 440 3358 alii
461 3299 529 3359 aedi
548 3299 745 3378 probabiliter
765 3300 888 3362 attribui
909 3301 1016 3378 possit.

881 3549 1084 3562 *nn—n·-

969 3772 998 3830 3.

400 3883 587 3946 Notissimus
612 3892 658 3946 est
683 3886 790 3947 titulus
815 3888 921 3970 ingens
946 3889 1061 3951 fractus
1081 3889 1190 3951 litteris
1214 3889 1286 3950 olim
1307 3909 1376 3950 aere
1396 3890 1534 3968 repletis,
1555 3908 1647 3967 quem

317 4004 397 4046 nunc
416 3992 568 4046 extantem
581 3985 697 4047 Romm
716 3989 749 4046 in
769 3988 857 4049 domo
871 3989 1051 4070 Barberinia
1070 3999 1220 4070 repertum
1240 4009 1308 4052 esse
1329 4012 1357 4052 a.
1375 3991 1452 4051 1641
1475 3991 1508 4050 in
1530 3992 1580 4050 via
1599 3993 1648 4051 dcl

318 4105 400 4147 coreo
424 4086 456 4145 in
481 4087 548 4146 foro
568 4087 692 4148 Sciam
718 4095 845 4148 testatur
868 4091 1032 4152 Martinelli
1058 4092 1152 4152 Romo
1171 4095 1313 4154 ricercata
1339 4111 1368 4170 p.
1387 4091 1445 4152 108
1471 4091 1519 4151 ed.
1538 4093 1648 4153 Venet.

320 4187 401 4248 1766
426 4189 475 4276 bis
495 4187 610 4247 verbis:
639 4185 833 4251 Vanno1641
858 4193 1032 4252 scabendum·
1055 4195 1086 4252 ic
1107 4195 1185 4253 datto
1202 4197 1308 4272 picata
1329 4191 1485 4270 (Sciarra)
1500 4195 1540 4269 fu
1560 4197 1648 4253 ritro-

318 4299 383 4348 coto
403 4307 443 4349 aa
459 4292 592 4366 pietrooe
612 4287 643 4346 di
663 4303 781 4350 marma.
823 4289 903 4351 Ilum
924 4289 1073 4370 descripsi
1095 4294 1154 4354 sic:

866 4416 915 4476 Tl
940 4439 948 4454 ·
971 4416 1097 4478 CLAV

972 4519 1099 4579 AVGb

866 4632 1099 4679 ocurrere
1190 4633 1191 4638 ’

909 4727 1100 4778 cos-wrm

747 4837 781 4874 -s
866 4833 1004 4879 ssasrvs
1030 4837 1079 4878 ·r

908 4936 1074 4980 arcas-ss

908 5035 1097 5081 vass-ncrvr

776 5182 779 5186 ,
867 5135 1045 5192 orares-ovs
1064 5151 1071 5166 ·
1090 5138 1116 5178 rs

868 5219 1071 5281 rslnvsorcnr
