3620 6080
335 611 411 688 244
855 624 1133 682 nmmnnanonn

333 807 366 866 in
380 803 606 864 desuetudinem
624 803 755 874 venisse,
775 801 872 861 solum
892 801 1070 861 vocabulum
1092 796 1251 872 mansisse,
1272 801 1316 858 ita
1336 808 1370 858 ιιι
1384 797 1519 859 Graecos
1541 818 1610 858 cum
1631 800 1665 858 id

335 925 392 966 sua
413 907 547 984 ipsorum
566 904 670 982 lingua
690 903 858 980 exprimere
874 902 1037 984 studerent,
1059 919 1161 959 veram
1182 900 1245 958 eius
1259 900 1319 958 vim
1334 919 1395 958 non
1416 908 1573 959 assecutos
1594 919 1664 962 csse

333 1007 398 1066 veri
418 1006 565 1066 dissimile
585 1021 646 1064 non
667 1003 751 1080 sit1),
772 1005 950 1081 praesertim
972 1021 1040 1060 cum
1055 1001 1180 1060 duorum
1201 1001 1328 1058 aliorum
1342 1001 1498 1079 titulorum
1521 1001 1663 1077 exemplo

333 1107 557 1184 comprobetur,
584 1105 616 1164 in
637 1105 692 1164 lac
716 1123 749 1162 re
775 1123 837 1162 non
861 1103 1027 1162 obtinuisse
1053 1101 1134 1178 apud
1155 1100 1289 1161 Graecos
1313 1101 1489 1160 sollemnem
1511 1101 1662 1177 quendam

333 1225 420 1268 usum
442 1225 477 1266 ac
497 1224 611 1265 morem
634 1205 782 1263 formulae
802 1203 931 1262 Latinae
955 1203 1210 1278 interpretandae,
1238 1201 1290 1260 sed
1312 1221 1379 1260 eam
1400 1221 1463 1260 rem
1484 1204 1516 1260 in
1537 1199 1662 1261 arbitrio

333 1308 578 1383 uniuscuiusque,
592 1307 644 1382 qui
657 1306 774 1364 titulum
789 1311 989 1382 componeret,
1010 1304 1141 1378 positam
1155 1303 1258 1362 fuisse.
1292 1300 1382 1375 Quod
1396 1303 1489 1362 multo
1511 1304 1662 1362 infelicius

334 1411 424 1470 etiam
439 1425 530 1485 qnam
545 1406 724 1465 Atheniensi
738 1413 852 1479 nostro,
875 1403 978 1466 Samio
999 1403 1045 1463 illi
1059 1405 1186 1464 cessisse
1201 1403 1341 1474 vidimus,
1363 1405 1416 1478 qui
1437 1404 1556 1462 titulum
1571 1423 1664 1482 supra

333 1511 459 1570 allatum
480 1508 609 1583 scripsit.
625 1539 663 1550 -
686 1507 722 1564 V.
739 1507 756 1564 7
778 1499 998 1588 uepauv[oo‹ipon
1021 1505 1160 1582 supplevi
1182 1505 1264 1580 quod
1285 1523 1322 1562 ea
1339 1505 1406 1562 sola
1419 1505 1550 1564 nominis
1564 1505 1664 1564 forma

333 1611 445 1670 tradita
465 1617 512 1668 est
533 1607 607 1683 (Dio
630 1607 680 1678 55,
704 1605 771 1683 23);
794 1607 853 1665 sed.
868 1606 943 1664 haec
964 1623 1025 1664 vox
1047 1605 1176 1680 spatium
1198 1605 1343 1664 excedere
1370 1605 1538 1682 videturi),
1569 1625 1662 1683 quare

333 1713 465 1772 fortasse
486 1709 586 1786 potins
608 1707 796 1790 responderis
810 1707 1004 1764 scribendum
1020 1706 1086 1779 erit,
1108 1707 1188 1782 quod
1203 1705 1313 1764 Latino
1328 1707 1503 1782 fulminatus
1524 1716 1662 1766 accurate

332 1811 537 1889 responderet.
553 1827 557 1836 ·
572 1807 610 1867 V.
630 1811 666 1868 11
690 1807 829 1867 vocabuli
855 1797 1091 1880 ἀποδεδειγμένον
1118 1807 1245 1883 vestigia
1266 1806 1434 1864 certissima
1456 1817 1542 1880 sunt3
1571 1817 1662 1884 atque

332 1913 364 1972 id
384 1930 452 1971 cum
471 1910 665 1986 sequentibus
680 1907 918 1986 coniungendam
939 1925 1016 1979 esse,
1038 1925 1098 1966 non
1120 1925 1187 1966 cnm
1208 1907 1246 1966 iis
1261 1913 1348 1982 qnae·
1358 1895 1547 1982 antecedunt,
1568 1916 1662 1986 patet.-

331 2013 412 2076 Nam
433 2021 569 2089 quaestor
583 2014 728 2087 principis
750 2027 867 2086 semper
888 2008 926 2067 ab
947 2008 1016 2083 ipso
1036 2009 1173 2084 principe
1193 2008 1377 2084 designatur,
1398 2027 1490 2085 quare
1511 2003 1676 2066 &redebeo

333 2105 433 2190 γμένον
459 2108 507 2169 ὑπ’
534 2108 625 2168 αὐτοῦ
649 2110 784 2169 additum
810 2108 1054 2167 molestissimam
1081 2109 1278 2185 tautologiam
1299 2111 1439 2170 efficeret.
1489 2108 1606 2169 Contra
1634 2111 1662 2169 si

333 2233 369 2274 ea
389 2213 481 2273 verba
502 2211 540 2270 ad
562 2201 763 2294 [domuumque
784 2210 864 2286 quod
887 2211 1022 2286 sequitur
1041 2209 1217 2282 referamus,
1243 2230 1304 2268 non
1330 2212 1428 2269 solum
1449 2230 1517 2270 eum
1538 2229 1557 2269 a
1578 2213 1663 2289 prin·

331 2316 398 2393 cipe
420 2314 546 2372 aedilem
567 2312 753 2370 nominatum
774 2329 841 2392 esse
862 2311 1019 2382 indicatur,
1046 2310 1100 2368 sed
1121 2311 1210 2369 etiam
1232 2321 1295 2370 tum
1316 2331 1384 2370 cum
1405 2313 1511 2372 titulus
1532 2331 1662 2390 ponere-

332 2407 390 2488 tur,
412 2415 589 2491 desipnatum
611 2413 731 2488 quidem
752 2413 857 2485 fuisse,
880 2413 933 2471 sed
954 2409 1085 2470 no'ndum
1107 2412 1314 2488 magistratum
1335 2408 1491 2488 iniissc³);
1516 2420 1607 2490 atquc
1627 2434 1663 2474 re

332 2535 404 2578 vera
428 2516 477 2574 hic
505 2512 628 2573 ultimus
660 2521 690 2572 et
717 2531 849 2572 summus
877 2514 1072 2590 magistratus
1104 2521 1166 2585 est,
1199 2514 1251 2587 qui
1278 2514 1310 2572 in
1337 2513 1425 2572 titulo
1451 2515 1661 2589 perscribitur,

330 2635 422 2695 quum
444 2616 546 2675 statim
566 2615 632 2674 eius
652 2615 704 2691 qui
726 2623 856 2673 statuam
876 2614 977 2689 posuit
1001 2631 1110 2672 nomen
1130 2613 1338 2692 subiungatur.
1380 2615 1443 2672 Pro
1459 2607 1661 2698 [dpepuvo'ubv

331 2717 466 2794 suppleri
486 2722 585 2793 potest
606 2707 791 2794 [drsuapqu
809 2703 871 2774 ¹sed
895 2714 948 2772 illo
969 2713 1115 2773 vocabulo
1138 2715 1266 2790 spatium
1288 2714 1395 2788 melius
1417 2716 1565 2792 expletur.
1609 2715 1660 2776 De

330 2819 451 2878 nomine
475 2817 541 2874 eius
564 2815 615 2892 qui
638 2815 757 2872 titulum
786 2813 1015 2892 dedicavitpro
1041 2823 1122 2872 certo
1148 2815 1207 2872 dici
1234 2823 1348 2890 potest,
1376 2817 1454 2880 inter
1474 2836 1661 2894 praenomen

331 2926 361 2980 et
374 2935 550 2996 cognomen,
565 2933 642 2992 quae
657 2915 774 2993 integra
788 2922 868 2989 sunt,
890 2915 950 2973 duo
969 2915 1091 2975 nomina
1105 2901 1258 2993 gentilicia
1278 2917 1391 2994 scripta
1403 2917 1536 2994 fuisse4)
1542 2939 1552 2991 3
1573 2920 1661 2996 prius

406 3244 432 3314 ¹)
455 3246 540 3298 Multo
559 3245 644 3310 epuns
663 3250 729 3296 esset
750 3245 860 3310 simplex
878 3221 1011 3315 χόιιισις,
1032 3260 1110 3311 quum
1128 3233 1248 3316 χωνεῦιιι
1267 3259 1325 3296 enm
1343 3246 1397 3295 vim
1415 3233 1511 3297 babeat
1528 3262 1596 3313 quae
1614 3249 1660 3300 hic

330 3339 497 3400 desideratur,
518 3337 563 3387 sed
582 3351 613 3387 eo
633 3337 744 3400 spatium
763 3351 817 3386 non
835 3337 962 3401 expletur.

405 3427 430 3492 π)
456 3428 619 3493 Quamquam
631 3441 684 3477 non
704 3441 735 3477 ea
753 3429 837 3478 estin
849 3428 899 3478 hoc
911 3429 986 3478 trtulc
1006 3428 1176 3494 aequabilitas
1189 3428 1339 3492 scripturae,
1359 3434 1388 3478 ut
1401 3428 1510 3479 duarum
1522 3429 1661 3483 literarum

225 3525 227 3530 ’
328 3521 471 3578 discrimini
489 3521 598 3570 multum
617 3519 781 3568 tribuendum
799 3519 840 3568 sit.

402 3610 428 3676 ⁸)
453 3613 554 3662 Tamen
566 3611 633 3660 hauc
651 3625 706 3660 rem
718 3610 789 3658 baud
802 3611 840 3659 ita
851 3609 949 3659 levibus
963 3609 1164 3660 dubitationibus
1183 3563 1324 3660 obnoxiam
1343 3623 1399 3666 esse
1414 3610 1463 3660 Th.
1477 3611 1660 3666 Mommsenus

328 3719 370 3754 me
389 3703 535 3754 admonuit.
562 3692 689 3752 ‘Primum
712 3701 840 3764 legitimus
864 3715 949 3751 sermo
974 3701 1082 3765 requirit
1105 3698 1210 3750 aedilem
1233 3698 1402 3765 deriptionem,
1427 3716 1481 3752 non
1500 3701 1662 3780 designatam

284 3827 289 3836 -
329 3793 443 3846 sedilus.
475 3791 578 3841 Deinde
591 3793 755 3856 magistratus
769 3790 896 3856 designati
914 3792 959 3841 nbi
971 3793 1144 3854 inveniuntur,
1164 3806 1295 3856 nunquam
1313 3792 1417 3841 additur
1435 3793 1582 3858 designatos
1602 3811 1661 3847 csse

325 3885 363 3954 ¹tel>
382 3884 550 3948 imperatore,
580 3879 663 3947 neque
681 3889 751 3932 recte
769 3883 831 3931 addi
849 3883 956 3946 potuit,
972 3898 1030 3932 cum
1053 3884 1148 3932 creatio
1167 3883 1344 3946 magistratum
1362 3883 1520 3934 urbanorum
1540 3890 1659 3951 exceptis

322 3973 528 4026 consulibusad
541 3979 657 4040 senatum
669 3975 816 4038 pertineret.
843 3974 930 4037 Magis
949 3974 1102 4024 crediderim
1119 3973 1198 4022 verba
1217 3965 1421 4040 ἐπιδεδειγμένον
1438 3965 1475 4023 dc’
1496 3967 1571 4025 adrui
1587 3978 1659 4028 reie-

326 4067 409 4117 renda
427 4079 482 4116 esse
501 4065 535 4114 ad
551 4070 713 4128 quaestorem
732 4064 896 4114 candidatum
915 4064 1036 4128 Augusti.
1065 4066 1163 4116 Verum
1182 4071 1221 4136 est
1239 4049 1271 4114 ea
1282 4065 1360 4114 verba
1377 4065 1414 4115 ita
1425 4081 1517 4130 pamm
1536 4075 1660 4120 accurate

266 4180 268 4184 ·
325 4159 404 4221 verti,
430 4169 491 4207 nam
511 4143 632 4221 quaestor
651 4155 802 4206 candidatus
821 4155 933 4219 August-i
951 4155 984 4205 ab
1002 4156 1159 4219 imperatore
1174 4156 1322 4205 nominatur
1340 4157 1422 4220 magis
1441 4172 1517 4220 quam
1536 4159 1658 4224 designa-

325 4255 380 4311 tur;
405 4249 451 4298 sed
475 4262 506 4298 ea
529 4247 655 4297 sermonis
679 4247 787 4309 legitimi
806 4246 951 4308 differentis
975 4246 1045 4296 haud
1068 4248 1121 4298 scio
1141 4262 1174 4296 an
1196 4247 1270 4296 reddi
1288 4246 1389 4318 Graece
1408 4247 1514 4298 omnino
1532 4259 1656 4315 nequeat.

325 4317 424 4392 Verum
441 4339 503 4388 item
523 4344 560 4388 est
579 4337 664 4386 adhuc
682 4337 781 4386 nullum
800 4338 902 4386 titulum
921 4338 1053 4388 inventum
1073 4353 1127 4389 esse
1146 4339 1289 4404 quaestoris
1308 4339 1501 4403 Anguem-qui
1524 4340 1595 4390 idem
1615 4342 1656 4392 di-

324 4413 424 4484 ceretur
451 4429 603 4480 candidatus
627 4428 751 4492 Augusto,
781 4429 850 4492 quod
873 4429 929 4478 sine
955 4429 1034 4478 dubio
1058 4444 1112 4480 non
1137 4444 1197 4480 casu
1222 4429 1324 4492 accidit,
1349 4429 1395 4479 sed
1417 4436 1555 4494 propterea
1583 4435 1657 4498 quod

324 4528 486 4588 quaestores,
510 4522 554 4587 qui
572 4522 692 4584 Augusto
715 4525 818 4582 praesto
841 4526 939 4582 essent,
964 4535 1065 4584 semper
1088 4520 1272 4586 deligebantur·
1289 4535 1322 4570 ex
1347 4521 1524 4590 quaestoribus
1543 4521 1576 4572 sb
1596 4524 1656 4589 ipso

324 4613 472 4675 nominatis,
491 4619 521 4662 ut
538 4612 584 4662 illo
596 4611 682 4676 posito
700 4609 751 4659 hoc
766 4623 867 4674 quoque
885 4612 989 4676 reipsa
1007 4612 1275 4676 comprehenderetur.
1306 4612 1360 4664 Sed
1371 4611 1457 4675 potuit
1472 4627 1536 4662 sane
1554 4619 1656 4665 utrum·

324 4715 374 4766 que
393 4703 469 4752 simul
487 4703 616 4753 enuntiari
633 4701 746 4750 maxime
765 4701 792 4750 in
810 4701 885 4751 titulo
904 4700 1003 4752 Graece
1022 4694 1132 4766 scripto'.

400 4787 425 4851 4)
448 4792 484 4841 Ut
501 4793 572 4842 idem
589 4792 669 4842 homo
688 4791 788 4840 duobus
806 4792 953 4842 nominibus
966 4794 1102 4857 gentiliciis
1121 4799 1213 4856 utatur,
1233 4793 1262 4843 id
1280 4793 1333 4843 iam
1348 4793 1491 4858 primorum
1509 4793 1656 4858 imperato-

323 4895 381 4930 rum
394 4885 508 4943 tempore
527 4897 580 4932 non
598 4899 658 4933 raro
671 4885 728 4934 lieri
746 4884 909 4934 notissimum
928 4890 974 4934 est.
1005 4885 1148 4934 Hominum
1162 4883 1320 4935 Graecorum
1340 4884 1449 4934 alterius'
1463 4898 1493 4934 ac
1504 4886 1575 4934 tertii
1595 4901 1654 4937 sae-

323 4969 374 5020 culi
402 4971 520 5035 exempla
543 4973 669 5024 eiusmodi
693 4980 751 5024 sunt
778 4975 813 5023 Λ.
841 4963 990 5042 Ἐριν[νιος]
1015 4969 1175 5042 Σιπτίμ[ιος]
1198 4963 1358 5042 Ἦλιδδωρος
1387 4975 1417 5026 C.
1445 4975 1467 5025 I.
1493 4975 1576 5027 3204.
1614 4975 1652 5026 Δ.

250 5128 253 5134 ,
322 5052 460 5126 Σεπτίμιος
482 5053 522 5108 Ad
523 5049 609 5127 ρῆλιος
627 5061 755 5131 Στέφανος
774 5065 854 5116 3205.
896 5063 926 5113 Γ.
946 5053 1076 5121 ’Λντῶνιος
1094 5059 1232 5133 Σεπτίμιος
1250 5057 1368 5122 Πέπλιος
1387 5067 1467 5116 3208.
1503 5067 1537 5116 In
1556 5067 1654 5132 quibus

321 5149 402 5198 titulis
419 5163 482 5199 sene
500 5151 684 5216 Septimiorum
702 5171 797 5205 nomen
815 5171 831 5205 a
849 5157 975 5219 Septimio
994 5157 1090 5208 Severo
1108 5157 1277 5221 repetendum
1296 5172 1351 5208 esse
1368 5158 1481 5220 videtum
1503 5153 1550 5207 a'ed
1569 5159 1652 5210 etiam

321 5245 398 5292 antea
415 5239 533 5293 homines
552 5241 666 5295 Graecos
684 5245 734 5298 hoc
751 5261 845 5296 nomen
866 5248 975 5311 gessisse
992 5263 1039 5312 per
1056 5262 1084 5299 se
1101 5255 1180 5313 patet.
