3654 6072
551 603 848 660 ossunvnmouus
867 607 985 657 suren.
1004 608 1028 661 1.
1048 608 1087 658 11.
1148 639 1159 654 .
1435 591 1481 662 57

152 775 289 834 medicus
318 784 441 852 propter
466 777 664 838 medicamina
683 773 810 837 Caesari
834 778 972 837 facienda
993 797 1025 838 se
1048 781 1184 839 vinorum
1206 782 1404 844 Falernorum
1425 785 1483 845 cel·

153 876 200 934 lae
225 877 438 953 imperatoriae
464 895 619 936 recensum
645 879 754 937 fecisse
776 880 862 938 lectis
885 881 980 938 titulis
1002 881 1144 956 primum,
1171 892 1204 940 ut
1224 903 1279 960 par
1300 893 1364 943 erat
1385 887 1483 944 erudi·

153 985 218 1035 tum
239 978 353 1049 facere,
375 977 494 1049 deinde,
521 987 555 1038 ut
576 979 701 1038 decebat
723 979 819 1038 virum
841 981 1015 1055 prudentem
1038 991 1067 1039 et
1088 993 1218 1055 cautum,
1241 1003 1278 1042 ne
1300 986 1378 1044 tituli
1399 986 1484 1046 falle·

153 1087 232 1149 rent,
261 1081 434 1156 gustatione
454 1081 603 1154 instituta,
629 1081 804 1156 videturque
826 1099 887 1139 uon
908 1082 973 1140 sine
994 1083 1103 1140 idonea
1123 1101 1216 1142 causa
1242 1095 1343 1145 sancte
1365 1103 1484 1148 assere·

153 1197 221 1238 rare
243 1179 366 1254 optima·
379 1199 515 1258 quaeque
537 1181 734 1258 undecunque
756 1183 794 1239 ad
815 1183 1010 1256 imperatores
1024 1183 1132 1242 afferri.
1169 1185 1269 1244 Huius
1285 1187 1484 1262 expeditionis

155 1280 210 1338 etsi
237 1283 378 1340 comitem
399 1280 513 1341 Ursum
539 1283 633 1341 fuisse
657 1283 773 1340 nullum
799 1282 940 1340 iudicium
967 1291 1026 1354 est,
1058 1303 1117 1343 non
1144 1285 1244 1345 minus
1271 1297 1349 1346 recte
1372 1289 1484 1349 amicos

154 1379 257 1440 iubere
278 1384 377 1459 potuit
397 1390 525 1441 statuam
548 1383 604 1440 sibi
625 1381 735 1442 factam
757 1381 853 1442 hilare
874 1383 1024 1442 celebrare
1047 1385 1123 1444 riuis
1145 1405 1211 1444 eum
1234 1405 1341 1464 genere
1363 1389 1484 1468 optimis

155 1487 217 1540 tum
240 1482 425 1560 depromptis
448 1505 487 1544 ex
508 1485 585 1543 cella
606 1503 642 1542 ea
664 1503 742 1561 quae
764 1485 896 1543 omnium
917 1485 1127 1545 laudatissima
1147 1487 1213 1546 fuit.

575 1873 614 1931 ll.
658 1872 716 1930 Da
738 1869 869 1931 IVNIIS
894 1869 1069 1932 SlLANlS.

190 2035 191 2044 ¹
237 2007 392 2064 Iuniorum
409 2005 579 2068 Silanorum
602 2009 706 2066 domus
728 2027 782 2082 per
803 2007 862 2066 duo
884 2007 1003 2066 saecula
1023 2007 1135 2067 liberae
1154 2009 1336 2088 reipublicae
1351 2019 1486 2073 extrema

155 2108 315 2184 splendida
341 2116 370 2165 et
392 2109 451 2166 sub
478 2109 708 2186 imperatoribus
731 2109 816 2166 Iuliis
838 2128 892 2185 per
913 2109 1089 2166 affinitatem
1112 2129 1179 2167 cum
1201 2111 1269 2187 ipsa
1296 2111 1410 2172 familia
1430 2115 1484 2174 im·

154 2209 306 2284 paratoria
331 2207 420 2268 etiam
446 2211 543 2286 magis
570 2211 726 2268 nobilitata
750 2209 821 2269 licet
846 2217 1047 2268 enarratorem
1069 2219 1157 2269 nacta
1178 2211 1216 2269 sit
1238 2230 1385 2272 summum
1408 2214 1484 2274 Bor·

154 2309 292 2385 ghesium
313 2309 344 2367 in
366 2311 578 2385 commentario
601 2309 685 2388 (opp.
708 2311 802 2368 vol.5
825 2329 854 2385 p.
873 2307 1050 2386 161—233)
1073 2311 1184 2385 scripto
1207 2329 1233 2369 a.
1253 2313 1347 2385 1849,
1374 2324 1485 2374 retrac-

155 2411 268 2468 tatione
288 2411 321 2468 id
342 2420 469 2470 stemma
483 2413 531 2470 vel
551 2411 681 2470 maxime
702 2411 823 2487 indiget,
846 2429 913 2468 cum
934 2413 1036 2470 nescio
1058 2429 1118 2487 qua
1138 2413 1194 2470 sati
1214 2413 1329 2472 invidia
1350 2435 1389 2472 ex
1410 2415 1486 2476 locis

155 2517 313 2570 auctorum
341 2513 512 2587 depravatis
539 2513 693 2588 titulisque
720 2513 798 2570 male
824 2512 907 2572 lectis
934 2513 966 2569 in
992 2513 1071 2570 hunc
1098 2511 1218 2588 quidem
1241 2517 1486 2576 commentarium

153 2613 276 2688 plurimi
303 2615 534 2691 gravissimique
554 2633 671 2672 errores
693 2632 725 2672 se
746 2613 964 2671 insinuaverint
984 2633 1044 2671 nou
1066 2632 1170 2672 omnes
1192 2614 1288 2672 adhuc
1310 2616 1487 2693 deprehensi

155 2714 336 2790 sublatique.
375 2713 455 2772 Nam
479 2716 515 2774 de
538 2711 650 2774 Silanis
672 2715 791 2790 quidem
813 2714 865 2790 qui
886 2715 1028 2773 vixerunt
1049 2723 1117 2773 ante
1139 2715 1308 2791 Augustum
1330 2718 1404 2792 quid
1425 2739 1486 2778 non

154 2825 234 2874 recte
250 2816 385 2891 posuerit
398 2814 596 2892 Borghesius,
619 2815 692 2874 satis
715 2815 953 2874 demonstratum
975 2823 1020 2873 est
1041 2833 1106 2873 cum
1129 2815 1167 2873 ab
1190 2816 1257 2874 aliis
1278 2825 1340 2875 tum
1356 2819 1486 2878 maxime

155 2917 193 2975 ab
216 2916 337 2992 egregio
358 2917 586 2993 inscriptionum
605 2916 841 2975 Lebasiauarum
863 2924 1033 2974 enarratore
1049 2917 1286 2994 Waddingtonio
1308 2919 1346 2976 ad
1367 2919 1486 2994 titulum

154 3018 345 3094 Mylasenum
366 3037 395 3076 n.
408 3017 467 3076 409
491 3026 521 3076 et
540 3018 600 3076 iam
622 3019 653 3103 in
676 3036 793 3076 summa
813 3037 845 3075 re
867 3017 897 3074 in
919 3017 1127 3076 adnotationes
1143 3027 1292 3092 receptum
1310 3019 1486 3079 adulteram

155 3118 356 3194 Borghesiani
378 3119 583 3177 commentarii
604 3119 765 3178 editionem
787 3118 927 3194 operibus
949 3120 1013 3176 eius
1031 3119 1174 3177 insertam
1194 3119 1341 3190 adiectas;
1364 3130 1487 3196 atquae

156 3219 344 3278 emendanda
369 3220 485 3278 sintin
510 3227 595 3297 parte
623 3239 672 3290 ea,
700 3238 777 3295 quae
804 3225 920 3294 spectat
946 3219 984 3276 ad
1012 3221 1184 3296 Augustum
1213 3220 1338 3294 eiusque
1367 3239 1487 3281 succes-

156 3337 258 3392 sores,
286 3339 353 3378 cum
379 3339 466 3378 nemo
493 3321 641 3392 docuerit,
663 3321 814 3380 communi
840 3319 980 3397 opinione
1000 3331 1122 3396 recepta
1142 3321 1268 3378 redeunt
1290 3320 1387 3380 adhue
1408 3323 1488 3397 apud

157 3439 275 3491 omnes,
304 3421 356 3496 qui
383 3431 518 3497 tempora
542 3441 579 3480 ea
604 3421 830 3480 illustraverunt
851 3430 1028 3478 auctoresve
1049 3439 1152 3478 eorum
1175 3428 1342 3497 temporum
1364 3421 1487 3480 adnota-

156 3531 274 3594 reruut,
294 3529 448 3597 tamquam
470 3523 638 3582 certissima
663 3529 693 3581 et
714 3531 802 3582 extra
823 3541 941 3580 omnem
962 3521 1174 3579 dubitationem
1197 3522 1305 3596 posita.
1348 3519 1438 3594 Quod
1460 3523 1487 3580 si

156 3623 188 3680 in
210 3623 288 3680 viris
311 3633 392 3683 esset
412 3624 611 3699 Borghesius,
640 3625 706 3698 ipse
732 3623 843 3681 dudum
869 3623 958 3680 telam
981 3621 1175 3692 retexuisset;
1202 3629 1267 3678 erat
1289 3622 1367 3678 enim
1389 3641 1427 3680 ex
1449 3621 1486 3682 iis

156 3724 210 3800 qui
232 3724 302 3781 dum
325 3725 429 3795 vivunt
449 3725 616 3783 addiscunt.
653 3723 718 3781 Iam
740 3725 778 3782 ad
792 3742 849 3784 nos
864 3724 893 3780 id
908 3731 1032 3799 spectat,
1055 3741 1152 3799 neque
1168 3741 1303 3780 veremur
1320 3721 1488 3782 convellere

157 3813 236 3900 quae
258 3825 371 3901 posuit3
398 3823 471 3882 novi
492 3826 571 3883 enim
593 3843 648 3901 ego
671 3826 767 3883 virum
789 3835 925 3884 sanctum
948 3833 977 3884 et
1000 3826 1055 3882 hoc
1077 3825 1139 3882 scio
1160 3823 1259 3901 ipsum
1280 3840 1335 3897 pro
1357 3823 1487 3901 ingenuo

157 3925 230 3996 veri,
253 3943 313 3983 non
333 3926 378 3983 sui
395 3927 494 3984 studio
509 3926 606 4002 magis
621 3927 796 4002 plausurum
810 3927 907 4012 fqisse
922 3927 970 3999 iis,
986 3927 1037 4003 qui
1053 3925 1253 3984 monumentis
1269 3932 1376 4000 postea
1389 3943 1488 4001 reper-

158 4027 197 4084 tis
213 4025 309 4084 edocti
324 4045 380 4086 sua
394 4027 594 4098 emendarent,
610 4045 698 4104 quam
714 4027 765 4103 qui
781 4029 987 4102 compilarent.
1025 4023 1085 4086 Sed
1100 4025 1137 4084 de
1152 4027 1219 4101 ipsa
1233 4045 1266 4083 re
1283 4025 1445 4084 rideamus.

242 4128 323 4186 Tota
349 4127 486 4202 quaestio
501 4123 551 4186 ¹ab
577 4146 612 4187 eo
636 4128 759 4204 pendet,
784 4129 905 4203 quinam
928 4129 1052 4186 maritus
1073 4125 1164 4186 fuerit
1186 4125 1334 4184 Aemiliae
1355 4124 1487 4200 Lepidae

158 4229 313 4306 proneptis
335 4229 466 4306 Augusti
492 4239 563 4288 natu
589 4229 753 4300 maximae,
782 4229 866 4288 cuius
892 4229 1021 4286 maiores
1048 4229 1235 4303 posterique,
1264 4242 1340 4301 quos
1368 4225 1487 4300 quidem

159 4329 249 4390 certis
271 4335 302 4388 et
322 4330 497 4389 indubitatis
519 4339 673 4389 auctorum
694 4331 877 4388 testimoniis
898 4329 1025 4388 traditos
1046 4329 1220 4398 habeamus,
1242 4325 1273 4383 hi
1296 4333 1374 4384 sunt.

655 4467 661 4488 ¹
761 4451 918 4526 Augustus

517 4617 558 4674 M.
582 4615 720 4692 Agrippa
742 4637 780 4666 υ
802 4617 882 4674 Iulia
901 4623 972 4672 nata
986 4631 1014 4672 a.
1027 4612 1096 4684 715,
1113 4619 1207 4687 nupta
1221 4629 1248 4668 a.
1262 4608 1321 4667 733

275 4779 310 4838 L.
334 4781 481 4840 Aemilius
503 4781 636 4856 Lepidus
659 4803 697 4829 υ
721 4781 800 4839 Iulia
822 4787 892 4837 nata
913 4797 937 4836 c.
961 4798 987 4836 a.
1005 4777 1064 4836 735

216 4882 279 4923 cos.
292 4882 319 4921 a.
330 4882 391 4921 u.c.
403 4862 654 4942 754=p.ohr.1
679 4859 683 5006 p

512 5060 640 5078 ......
664 5041 703 5068 υ
724 5017 855 5076 Aemilia
875 5014 992 5091 Lepida
1015 5023 1087 5074 nata
1108 5032 1133 5072 c.
1149 5032 1176 5072 a.
1195 5015 1251 5072 751

388 5199 1180 5230 e———ffl

307 5235 348 5291 M.
373 5232 495 5294 Silanus
1067 5229 1103 5288 L.
1127 5227 1250 5290 Silanus

182 5325 271 5376 natus
293 5335 320 5376 a.
337 5315 396 5375 767
414 5341 452 5367 --
468 5337 497 5394 p.
511 5314 582 5377 Chr.
598 5317 636 5374 14
826 5331 956 5390 sponsus
979 5311 1123 5372 Octaviae
1145 5310 1266 5372 Claudii
1286 5311 1357 5389 imp.
1379 5311 1467 5370 filiae.
