3654 6072
572 637 870 692 cassavhrrouus
888 641 1006 692 seren.
1026 641 1065 692 11.
1435 628 1483 700 59

151 825 210 882 que
233 807 365 866 affinitas
387 807 507 866 diverso
528 816 604 868 teste
625 809 738 868 nitatur
758 827 854 886 eoque
870 811 1024 887 singulari,
1047 813 1095 871 vel
1109 814 1147 872 ob
1163 833 1229 872 eam
1244 833 1367 876 causam
1382 838 1485 879 veren-

153 907 225 966 dum
246 918 303 979 est,
325 927 363 966 ne
384 909 459 966 alter
481 915 546 967 uter
569 911 721 969 erraverit.
763 911 882 969 Deinde
904 913 1089 989 Apotheosis
1111 924 1215 973 auctor
1236 935 1303 974 cum
1326 919 1370 978 sic
1392 921 1485 998 scrip·

154 1009 240 1068 serit:
268 1005 518 1085 ‘quandoquidem
545 1010 631 1070 dirus
660 1009 804 1070 Claudius
832 1012 941 1071 occidit
968 1030 1105 1072 socerum
1134 1033 1222 1074 suum
1249 1019 1308 1092 Ap.
1338 1017 1484 1096 Silanum,

153 1127 281 1186 generos
315 1109 392 1168 duos
426 1111 568 1186 Magnum
600 1111 777 1188 Pompeium
809 1121 839 1171 et
870 1112 908 1172 L.
941 1111 1099 1186 Silanum,
1132 1133 1267 1175 socerum
1300 1118 1380 1178 filiae
1412 1139 1486 1182 suae

155 1209 300 1269 Crassum
321 1207 427 1286 Frugi'
449 1221 479 1269 et
500 1213 545 1271 sic
566 1211 720 1288 deinceps,
746 1214 772 1272 si
794 1213 852 1272 fuit
874 1213 985 1290 duplex
1006 1216 1061 1274 illa
1081 1216 1225 1289 affinitas,
1254 1218 1362 1280 addere
1384 1220 1487 1282 debuit

155 1311 193 1368 ad
222 1311 364 1370 invidiam
393 1311 558 1390 augendam
586 1309 731 1372 ‘socerum
759 1322 789 1372 et
815 1331 1008 1374 consocerum
1038 1313 1141 1378 suum’.
1185 1317 1252 1394 Ego
1280 1321 1398 1380 etiamsi
1425 1323 1487 1394 alia
1521 1349 1527 1358 ·

154 1412 239 1470 nulla
265 1413 375 1470 indicia
401 1413 588 1482 accederent,
617 1415 667 1472 vcl
692 1416 739 1474 his
765 1415 842 1474 locis
868 1415 946 1474 inter
972 1433 1005 1475 ss
1033 1417 1207 1493 compositis
1234 1440 1295 1478 non
1317 1421 1486 1482 dubitarem

153 1519 209 1572 aut
233 1513 373 1572 librarios
396 1511 531 1573 Suetonii
558 1515 669 1574 erroris
695 1534 821 1594 arguere
847 1525 899 1575 aut
924 1517 1022 1592 ipsum
1045 1515 1233 1592 Suetonium3
1261 1540 1330 1580 nam
1351 1525 1486 1600 aequalis

155 1613 339 1690 Apotheosis
365 1624 467 1673 auctor
491 1615 523 1673 in
545 1616 598 1672 tali
619 1635 652 1676 rc
674 1635 774 1676 errare
794 1636 855 1676 non
875 1619 982 1694 potuit.
1026 1618 1108 1678 Fieri
1129 1629 1242 1697 potest,
1269 1630 1302 1680 ut
1323 1621 1486 1685 Suetonius

154 1732 222 1774 cum
247 1714 279 1772 in
300 1713 367 1790 ipsa
387 1715 554 1790 Apotheosi
576 1717 704 1776 similive
727 1717 838 1794 scripto
860 1719 993 1796 Appium
1016 1737 1151 1778 socerum
1172 1722 1362 1799 imperatoris
1383 1727 1487 1802 appel·

154 1813 213 1872 lari
231 1815 364 1902 vidisset,
386 1816 464 1876 inter
484 1824 585 1892 patres
606 1825 706 1877 autem
726 1838 854 1878 uxorum
870 1817 989 1878 Claudii
1011 1821 1038 1880 ei
1060 1822 1159 1882 locum
1182 1823 1296 1882 nullum
1319 1843 1387 1884 esse
1407 1836 1486 1886 recte

154 1916 365 1988 intellexisset,
387 1935 581 1977 consocerum
604 1937 659 1994 pro
680 1937 783 1978 socero
805 1920 992 1979 substituerit
1013 1931 1128 1996 patrem
1144 1943 1209 1982 cum
1225 1933 1369 2000 reputans
1385 1927 1487 2003 generi

155 2013 278 2076 Claudii
300 2018 336 2077 L.
360 2017 470 2090 Silani3
499 2021 554 2078 sed
582 2020 646 2078 sive
666 2020 710 2079 ita
730 2039 779 2080 res
801 2021 900 2080 evenit
921 2022 985 2080 sire
1004 2023 1147 2082 librarius
1169 2026 1316 2100 peccarit,
1346 2043 1485 2086 consoce-

154 2137 221 2175 rum
244 2116 364 2178 Claudii
387 2120 519 2196 Appium
541 2121 634 2179 fuisse
655 2139 742 2197 nego.

242 2218 269 2276 2.
313 2221 446 2298 Appium
473 2222 569 2280 virum
597 2231 626 2280 et
651 2223 817 2298 gratiosum
845 2230 875 2282 et
899 2223 1120 2282 nobilissimum
1148 2225 1380 2302 (Di060,14)
1406 2228 1487 2288 iusto

154 2327 289 2395 tempore
310 2321 348 2378 ad
369 2321 559 2380 consulatum
580 2323 755 2399 pervenisse
776 2323 906 2384 dubitari
925 2341 985 2382 nou
1005 2333 1119 2402 potest;
1141 2343 1269 2402 cumque
1289 2346 1355 2385 cum
1371 2329 1487 2388 oecide-

154 2419 239 2480 retur
259 2405 288 2478 a.
304 2441 333 2498 p.
349 2419 420 2480 Chr.
436 2423 475 2480 42
498 2423 605 2482 florida
625 2425 779 2482 etiamtum
801 2432 900 2482 aetate
914 2425 1010 2483 luisse
1025 2425 1074 2482 vel
1088 2445 1127 2484 ex
1141 2427 1179 2486 iis
1194 2427 1389 2504 intellegitur,
1410 2447 1487 2505 quas

155 2520 192 2578 ds
207 2522 307 2580 causis
321 2523 426 2582 ruinae
441 2524 505 2583 eius
520 2543 619 2583 rerum
634 2525 795 2600 scriptores
810 2525 995 2584 tradiderunt
1017 2525 1091 2600 (Dic
1108 2527 1158 2598 60,
1176 2525 1237 2602 14).
1275 2527 1377 2601 Quare
1391 2531 1485 2590 credi·

154 2621 215 2680 bila
236 2641 296 2680 non
318 2631 365 2681 est
390 2644 457 2682 eum
479 2635 581 2684 natum
604 2643 672 2685 esse
694 2633 763 2684 ante
785 2645 894 2686 annum
915 2645 998 2699 oum,
1025 2645 1115 2702 quem
1135 2628 1218 2706 leges
1240 2629 1363 2688 annales
1385 2632 1485 2706 requi·

154 2731 225 2780 ruat
250 2724 283 2780 in
310 2726 432 2784 consuls
454 2745 481 2783 a.
496 2746 525 2785 u.
546 2745 572 2785 c.
589 2728 647 2786 781
665 2752 703 2778 =
720 2748 749 2804 p.
766 2725 836 2786 Chr.
854 2726 903 2798 ts,
930 2745 1042 2786 annum
1059 2747 1089 2786 u.
1104 2747 1129 2786 c.
1146 2727 1219 2801 7483
1248 2731 1292 2788 ita
1312 2731 1392 2788 enim
1413 2732 1486 2791 obiit

154 2841 251 2883 annos
272 2834 361 2886 uatus
375 2827 506 2886 XLVII.
545 2825 644 2886 Btiam
665 2827 850 2905 probabilius
873 2828 989 2903 aliquot
1009 2831 1095 2890 annis
1116 2839 1188 2906 post
1209 2838 1297 2889 natus
1319 2832 1487 2906 habebitur,

155 2942 223 2982 cnm
251 2925 398 2985 eiusmodi
419 2928 467 2985 vir
488 2929 579 2986 facile
603 2936 671 2988 ante
697 2929 804 2988 iustam
832 2938 960 2988 aetatem
986 2929 1142 2989 duodecim
1165 2932 1300 2991 fascibus
1322 2935 1412 3010 potiri
1433 2953 1486 3010 po·
1553 2929 1557 2940 ¹

154 3027 253 3084 tuerit.
292 3024 352 3086 Sed
373 3029 413 3087 sit
433 3038 521 3088 natus
542 3029 610 3104 ipso
632 3048 711 3088 anno
727 3031 800 3090 748:
823 3032 867 3090 ita
888 3031 914 3088 si
935 3031 994 3089 fuit
1014 3040 1100 3106 pater
1114 3031 1155 3090 M.
1171 3029 1269 3092 Silani
1290 3035 1351 3092 nati
1374 3053 1401 3093 a.
1416 3035 1487 3107 767,

154 3126 247 3186 filium
269 3130 405 3204 genuerit
425 3149 546 3190 necesse
568 3138 614 3190 est
634 3149 729 3190 annos
750 3141 837 3190 natus
860 3131 991 3190 nondum
1011 3133 1128 3210 viginti,
1155 3141 1233 3192 certe
1254 3154 1359 3212 parum
1380 3136 1488 3213 proba·

155 3228 266 3288 uiliter.

238 3331 269 3390 3.
311 3332 370 3406 Ap.
387 3329 508 3391 Silanus
529 3332 556 3390 is
579 3333 616 3390 de
637 3351 697 3409 quo
720 3335 837 3410 agimus
859 3353 925 3394 cum
946 3336 1006 3394 duo
1027 3336 1223 3412 praenomina
1241 3337 1380 3396 habuerit
1393 3336 1488 3414 Appii

155 3440 184 3488 et
201 3429 262 3490 Gai
284 3431 359 3506 (Dio
376 3433 425 3504 60,
443 3433 495 3504 14;
518 3432 638 3492 Reines.
658 3434 705 3508 19,
725 3435 817 3511 13¹);
840 3436 987 3513 Borghesi
1008 3437 1028 3493 l.
1045 3455 1070 3494 c.
1092 3457 1122 3513 p.
1142 3437 1223 3512 186),
1246 3445 1383 3496 neutrum
1405 3457 1487 3499 com·

153 3543 240 3610 paret
256 3533 336 3612 inter
349 3535 545 3611 praenomina
560 3533 731 3595 Silanorum
745 3537 926 3612 abnepotum
941 3519 1181 3614 adnepotumque
1196 3537 1338 3614 Augusti,
1359 3556 1486 3613 quorum

154 3641 227 3692 natu
248 3635 412 3693 maximum
436 3636 546 3695 dictum
568 3655 636 3696 esse
658 3637 791 3696 Marcum
814 3656 907 3714 supra
927 3638 1071 3709 vidimus,
1099 3638 1177 3696 alios
1204 3637 1282 3696 infra
1302 3638 1485 3714 reperiemus

154 3737 277 3794 nomina
297 3737 441 3794 habentes
461 3736 548 3816 Lucii
570 3746 600 3796 et
620 3737 747 3797 Decimi.
786 3737 847 3812 Qui
867 3739 951 3797 novit
972 3738 1216 3796 consuetudinem
1237 3737 1405 3798 Romanam
1427 3757 1487 3798 non

153 3837 277 3914 negabit
296 3836 328 3894 id
348 3839 398 3896 vel
418 3839 517 3897 solum
539 3838 675 3896 sufficere
698 3840 735 3898 ad
758 3839 928 3916 opinionem
950 3847 1100 3915 receptam
1122 3839 1356 3898 convellendam.

239 3940 269 3998 4.
313 3939 447 3997 Titulum
469 3941 615 4000 urbanum
637 3940 727 3998 hodic
748 3941 929 3998 custoditum
951 3941 983 3998 in
1004 3959 1108 3999 museo
1120 3939 1286 3998 Veronensi
1300 3940 1393 3998 hunc:
1417 3939 1489 4000 Sari

155 4038 287 4116 Lepidae
308 4039 352 4099 Μ.
374 4040 474 4100 Silani
478 4062 491 4110 ,·
513 4040 604 4100 locam
626 4050 654 4098 et
673 4041 748 4100 dlldc
769 4042 842 4100 daus
864 4045 973 4118 accepit
993 4042 1029 4098 ab
1050 4041 1167 4100 Seleuco
1182 4041 1312 4117 Lepidae
1327 4042 1371 4098 Μ.
1389 4039 1488 4100 Silana*

157 4139 247 4216 (Mur.
272 4141 369 4212 1750,
390 4142 422 4212 63
449 4141 599 4218 Borghesi
623 4142 644 4200 l.
663 4161 687 4200 c.
715 4161 744 4218 p.
762 4141 837 4217 213)
864 4143 916 4218 qui
942 4141 1104 4200 defendunt
1129 4142 1300 4218 opinionem
1326 4149 1487 4216 receptam,

156 4251 267 4318 negant
286 4243 435 4318 pertinere
456 4243 495 4301 ad
516 4241 663 4319 Lepidam
683 4252 858 4320 proneptem
880 4244 1028 4320 Augusti,
1054 4243 1142 4302 iidem
1165 4242 1296 4300 confessi
1316 4241 1405 4300 aliam
1427 4240 1489 4301 Lc-

155 4341 257 4419 pidam
283 4343 397 4402 nullam
423 4344 562 4419 reperiri,
590 4363 682 4420 quam
709 4351 827 4402 constet
850 4345 992 4420 nupsisse
1012 4343 1127 4405 Silano.
1169 4343 1235 4402 Iam
1256 4349 1417 4419 postquam
1437 4327 1489 4401 de·
1545 4331 1548 4342 ’

153 4444 390 4504 monstravimus
412 4447 567 4522 proneptis
588 4445 653 4503 eius
674 4447 814 4504 maritum
829 4442 964 4504 Silanum
985 4463 1045 4503 non
1066 4445 1161 4503 fuisse
1177 4444 1319 4520 Appium,
1340 4443 1416 4501 nihil
1434 4443 1489 4501 ob·

157 4552 234 4617 stat,
261 4547 425 4621 quominus
445 4546 477 4603 in
498 4545 586 4605 titulo
608 4547 665 4621 hcc
691 4546 860 4606 nominetur
884 4547 953 4622 ipsa
976 4547 1030 4604 illa
1049 4545 1179 4623 Irepida3
1204 4545 1296 4602 immo
1317 4561 1386 4604 cum
1406 4543 1488 4602 filius

234 4802 259 4865 ¹)
288 4803 404 4854 Titulum
417 4804 479 4856 Sex.
493 4805 592 4856 Titiani
605 4807 700 4867 Erotis,
720 4805 791 4856 cuius
807 4805 857 4856 huc
870 4806 999 4870 pertinent
1012 4805 1090 4855 verba
1104 4804 1487 4864 c·1VNtVs·AP·c·L·sENO,

158 4900 287 4944 servatum
305 4895 384 4944 hodie
403 4897 431 4945 in
449 4911 537 4946 musco
557 4897 715 4958 Oxonicnsi,
740 4897 854 4961 inspexit
871 4897 908 4946 ibi
927 4897 1079 4946 Huebnerus
1097 4896 1284 4960 lectionemque
1302 4894 1488 4958 comprobavit.

158 4985 334 5036 Nihilominus
352 5003 473 5052 rogamus
492 4989 536 5053 qul
554 4989 645 5038 studiis
664 4987 704 5038 his
722 4988 810 5038 favent
828 4988 917 5037 doctos
934 4987 1074 5036 Britannos
1093 4987 1177 5036 denuc
1197 4986 1311 5052 lapidem
1330 4986 1487 5045 examinent,

159 5091 220 5128 num
245 5085 320 5128 extra
344 5093 421 5129 omne
444 5079 550 5134 dubium
576 5083 610 5129 sit
632 5093 790 5144 praenomen
807 5079 911 5142 patroni
929 5078 1039 5142 duplcx;
1063 5091 1124 5126 nam
1144 5077 1302 5142 singulorum
1320 5082 1489 5140 patronorum

159 5169 259 5234 singula
277 5176 377 5220 tantum
395 5172 566 5234 praenomina
583 5171 698 5221 libertini
716 5185 812 5235 ponere
831 5169 927 5231 solent,
947 5183 995 5219 nec
1013 5169 1118 5218 memini
1137 5167 1200 5218 alibi
1219 5181 1260 5218 mc
1278 5167 1370 5232 legisse
1388 5165 1416 5216 in
1434 5165 1489 5215 eius

159 5262 259 5326 generis
277 5261 412 5314 hominum
430 5263 512 5312 titulis
530 5277 688 5328 praenomen
706 5263 781 5312 unius
799 5260 903 5327 patroni
922 5260 1027 5326 duplex.
