3568 6070
30 985 34 1140 l

526 575 985 690 ADDITAMENTA

397 761 474 842 nn
509 759 767 845 corrosis
798 761 1055 845 vervum
1083 762 1112 844 1.

105 999 183 1060 lter
203 1001 277 1059 cista
299 1018 386 1058 aerea
407 1002 481 1060 artis
503 1002 633 1061 rudioris
655 1021 751 1079 nuper
770 1003 934 1063 Praeneste
955 1011 1083 1079 reperta,
1105 1020 1183 1079 quaa
1203 1021 1282 1062 nunc
1303 1009 1421 1079 prostat

30 1141 32 1170 .
139 1103 246 1161 Romae
267 1102 346 1179 apud
368 1104 540 1180 Augustum
563 1102 789 1164 castellaniam.

486 1222 569 1298 (vido
590 1223 723 1282 tabulam
747 1243 764 1282 e
785 1224 907 1301 regione
928 1243 957 1283 n.
975 1222 1017 1299 9.)

103 1339 160 1399 Stat
183 1341 270 1398 homo
296 1341 440 1400 loricatus
467 1349 497 1398 et
523 1342 665 1400 barbatus
689 1342 835 1418 (acrias),
865 1344 948 1402 cuius
977 1344 1084 1402 dextra
1111 1361 1219 1420 equum
1240 1342 1307 1400 loro
1329 1351 1419 1414 tenet,

102 1441 213 1499 sinistra
237 1441 326 1500 hasta
351 1442 497 1501 innititur.
539 1444 590 1502 Ad
616 1462 684 1502 eum
710 1444 826 1503 accedit
850 1445 1026 1503 adulescens
1049 1450 1266 1519 campestratus
1287 1444 1419 1519 (simos),

100 1541 195 1599 dextra
221 1551 360 1619 porrecta
388 1551 541 1620 tamquam
570 1544 684 1622 aliquid
713 1564 779 1604 curn
807 1564 843 1604 eo
870 1545 1154 1616 communicaturum
1187 1545 1313 1604 sinistra
1338 1552 1420 1604 tenet

27 1691 28 1696 ,
99 1642 214 1714 hastam,
237 1643 328 1702 dorso
350 1631 448 1721 gestat
469 1663 582 1723 peram,
605 1664 644 1704 ex
666 1665 725 1723 qua
740 1645 839 1705 avium
855 1645 1023 1723 (anatumi)
1038 1647 1138 1724 capita
1152 1653 1282 1704 exstant.
1317 1645 1419 1724 Prope

101 1753 141 1801 est
159 1744 331 1804 adulescens
355 1743 513 1823 (oursr'rl)
535 1745 664 1807 adversa
682 1747 767 1821 facie,
790 1767 809 1806 a
830 1748 915 1806 cuius
931 1747 1041 1806 umeris
1055 1756 1085 1806 et
1098 1755 1222 1824 petasus
1238 1755 1268 1805 et
1282 1747 1418 1824 chlamys

98 1844 206 1919 pendet;
229 1845 339 1906 dextra
359 1847 447 1906 hasta
467 1847 614 1908 innititur.
649 1849 700 1908 nb
721 1849 760 1908 iis
782 1867 858 1927 quos
880 1849 946 1908 dixi
967 1865 1091 1908 aversus
1114 1857 1174 1909 stat
1196 1865 1290 1907 senex
1312 1848 1417 1910 calsus

97 1945 244 2018 (ronnsvs
260 1972 298 1997 =
315 1948 522 2026 Tyndareus),
545 1957 663 2026 sceptro
678 1949 812 2023 innixus,
828 1951 936 2010 dextra
948 1956 1086 2026 porrecta
1100 1948 1137 2008 ad
1152 1949 1308 2008 mulierem
1323 1948 1417 2024 pallio

98 2047 223 2106 amictam
245 2067 325 2125 quae
346 2069 441 2127 prope
463 2058 524 2110 stat
545 2071 660 2112 aversa.
698 2049 794 2111 Cuius
815 2069 923 2110 nomen
945 2051 1010 2110 fieri
1031 2057 1132 2128 potest
1148 2057 1181 2108 ut
1194 2049 1326 2127 perierit,
1349 2068 1417 2108 oum

96 2166 140 2205 ass
164 2167 196 2207 eo
221 2148 291 2208 loco
315 2153 505 2210 vehementer
526 2153 565 2211 sit
586 2170 749 2212 corrosum.
793 2153 844 2210 Ad
865 2152 1059 2228 Tyndareum
1082 2160 1182 2210 autem
1204 2151 1302 2210 assilit
1322 2151 1415 2209 canis.

98 2245 225 2326 Sequitur
245 2252 339 2310 homo
362 2253 503 2312 loricatus
525 2273 633 2330 equum
656 2254 721 2312 loro
743 2261 865 2316 tenens·
895 2253 1137 2343 Adscriptaucum
1151 2253 1211 2312 sint
1226 2267 1417 2324 sacr-achS,

95 2361 193 2410 certum
220 2362 268 2430 est
295 2367 359 2412 sacr
381 2355 530 2431 pertinere
552 2355 589 2413 ad
611 2356 776 2427 hominem,
803 2369 901 2414 uvcvs
924 2355 962 2412 ad
984 2373 1104 2430 equum.
1147 2353 1325 2412 Postremae
1348 2363 1417 2411 sunt

94 2452 159 2511 duae
180 2454 322 2514 mulieres
344 2455 442 2514 nudae
464 2455 615 2531 (cusrsrra
637 2465 667 2514 et
689 2455 808 2532 isarna)
831 2456 911 2514 circa
932 2455 1058 2516 labrum.

128 2553 188 2612 Iam
216 2574 284 2615 cum
314 2557 422 2615 cistam
449 2575 647 2634 proponerem
674 2557 707 2617 in
734 2573 879 2618 consessu
906 2557 1040 2616 instituti
1069 2553 1289 2634 archaeologici
1318 2553 1414 2630 (Ball.

94 2656 150 2714 dell’
171 2657 242 2716 Inst.
269 2657 350 2717 1872
372 2678 403 2735 p.
422 2657 510 2734 107),
537 2659 629 2718 statui
655 2678 723 2719 eum
750 2659 801 2735 qui
828 2659 934 2718 cistam
960 2658 1080 2718 fecisset
1099 2658 1132 2716 in
1152 2656 1263 2716 fabulis
1286 2654 1414 2715 Graecis

92 2775 143 2815 nou
162 2757 254 2818 fuisse
276 2765 440 2832 versatum,
463 2759 517 2818 sed
538 2761 692 2837 expressis
715 2760 861 2837 exemplis
883 2759 957 2820 artis
974 2757 1278 2819 Graecaenonnullis
1294 2758 1416 2816 nomina

92 2859 277 2936 adscripsisse
301 2861 338 2920 ad
360 2861 526 2922 arbitrium.

83 3030 166 3090 ldssd
187 3035 344 3112 speculum
366 3044 516 3112 repertum
538 3037 713 3110 Praeneste,
734 3047 818 3097 extat
838 3038 955 3098 Romae
977 3037 1057 3115 apud
1077 3035 1304 3095 Martinettium.

697 3174 799 3218 imberbis
814 3175 896 3217 surra·

687 3259 746 3299 calta
759 3259 791 3298 ad
803 3262 906 3300 astaram

704 3341 773 3382 viride
787 3351 890 3392 represso

748 3440 845 3483 ras÷ro
1040 3396 1190 3446 'mmm

1000 3477 1078 3518 aratra
1091 3476 1122 3517 ad
1133 3485 1230 3516 amarum

173 3561 194 3600 ιη
208 3571 259 3612 ³¹⁴⁹·
395 3547 471 3596 puella
486 3545 567 3585 clitoris
696 3543 757 3585 caius
773 3543 797 3583 ia
814 3543 896 3594 premio
1006 3558 1138 3610 eslornydrm
1152 3555 1224 3598 tesam

183 3650 245 3695 tecta
365 3627 442 3669 rescita
456 3630 597 3680 stuperatem
685 3627 746 3668 redet
755 3628 831 3679 puella
844 3625 906 3666 auda
1021 3653 1037 3683 α
1050 3641 1115 3683 507„
1130 3641 1208 3691 mm.

182 3727 239 3770 tacet
445 3717 517 3752 '‘W''
701 3715 782 3751 ‘'m“
796 3708 889 3750 “mum
1003 3725 1093 3774 mntem,
1105 3727 1224 3776 praetcrea

164 3811 264 3852 cantare
413 3800 420 3810 '
437 3810 521 3853 acran
751 3795 842 3852 tasin
1084 3807 1144 3848 „aaa

1313 3621 1335 3810 ΕΕΙΞΙΔ
1311 3527 1335 3576 et
1317 3351 1345 3497 quae
1318 3208 1346 3324 aeq.

458 3985 460 3990 Ι
518 3915 558 3971 ad
579 3913 654 3972 lctus
673 3931 727 3989 per
749 3913 964 3991 touytredtnem:

258 4029 374 4075 csrsra·
393 4031 527 4075 novenni
542 4045 549 4058 ·
564 4030 639 4073 rnrn
655 4044 662 4058 ·
678 4031 733 4074 aar
748 4045 754 4060 ·
772 4031 861 4073 1vrro
877 4044 883 4058 ·
900 4028 986 4072 sarto
1002 4043 1008 4057 ·
1025 4025 1104 4070 aros
1120 4040 1127 4098 '.
1144 4026 1200 4068 aar
1217 4038 1224 4053 ·

84 4130 230 4212 Descn'psi
253 4135 419 4212 diligenter,
441 4153 514 4194 mox
534 4134 696 4213 recognovi
717 4153 785 4214 cum
799 4134 955 4194 Henzenc.
990 4131 1122 4210 Figurae
1143 4128 1240 4188 adhuc
1256 4127 1351 4185 latent
1365 4143 1405 4183 ex

82 4244 159 4309 parte
185 4238 241 4296 sub
269 4237 421 4316 aerugine.
464 4236 623 4296 Eiusmodi
648 4237 796 4314 picturam
818 4255 878 4295 nou
899 4253 938 4293 ex
959 4232 1072 4293 fabulis
1093 4230 1265 4309 repetitam,
1293 4225 1346 4284 sed
1368 4224 1406 4282 ad

81 4334 172 4411 ipsam
190 4339 285 4397 vitam
306 4337 499 4398 domesticam
521 4337 726 4400 adumbratam
747 4338 778 4396 iu
800 4335 930 4412 speculis
952 4334 1051 4394 adhuc
1072 4350 1133 4392 non
1154 4329 1350 4390 habebamus.
1366 4355 1404 4368 -

81 4433 179 4496 Lectio
201 4447 285 4498 certa
305 4448 351 4500 est
371 4439 522 4512 universa,
543 4439 603 4498 nisi
624 4437 705 4514 quod
725 4438 757 4496 in
777 4436 972 4514 inscriptione
994 4435 1032 4492 ad
1048 4435 1128 4492 latus
1143 4431 1244 4510 posita
1257 4426 1337 4487 tertii
1352 4443 1404 4485 vo·

81 4538 172 4598 cabuli
198 4541 329 4616 primum
353 4540 533 4600 elementum
555 4547 608 4598 aut
628 4547 675 4598 est
694 4546 729 4598 ut
749 4535 818 4596 dedi
840 4543 893 4594 aut
913 4536 957 4594 sic
978 4551 1006 4606 ις
1031 4535 1104 4593 item
1125 4530 1244 4608 septimi
1266 4525 1402 4587 vocabuli

81 4640 241 4700 secundum
262 4641 442 4700 elementum
463 4649 516 4699 aut
537 4654 556 4698 τ
579 4648 625 4698 est
646 4647 700 4698 aut
720 4655 739 4697 r.

80 4810 162 4874 168⁶
187 4815 227 4873 In
252 4814 342 4886 cista,
364 4832 454 4892 quam
481 4830 574 4891 supra
594 4832 624 4891 p.
642 4811 680 4871 14
702 4810 797 4882 edidi,
823 4815 929 4888 postea
949 4807 1038 4868 etiam
1059 4808 1098 4868 ad
1118 4808 1243 4884 figuram
1263 4803 1405 4864 Herculis

118 4931 227 4974 nomen
248 4915 431 4994 adscriptum
453 4915 509 4974 sub
531 4915 673 4991 aerugine
693 4911 806 4991 prodiit
827 4911 871 4970 sic
891 4893 1036 5012 uenosi.

160 5033 284 5095 Romae.
976 5049 978 5054 ¹
1157 5029 1204 5086 W.
1226 5026 1362 5086 Hstsro.

539 5167 946 5180 m

1143 5202 1178 5260 ll
