3654 6072
585 614 883 670 ossunvnurouss
901 617 1019 668 aaran.
1039 618 1089 667 111.
1453 597 1472 668 t
1478 597 1499 668 3

167 789 337 846 tenstenius
359 789 390 846 in
411 789 467 846 hac
489 807 581 864 opera
603 807 620 844 a
642 787 722 844 mala
743 787 849 845 fraude
871 786 1063 858 abstinuisse,
1084 787 1214 846 fortasse
1236 789 1274 846 ab
1294 807 1331 847 ea
1351 789 1501 864 incipiens

168 896 200 946 et
228 907 391 965 progressu
419 890 585 949 studiorum
612 889 731 946 demum
759 888 796 946 ad
823 888 959 947 fallacias
985 886 1118 960 delatus,
1146 897 1179 946 ut
1204 889 1349 949 Octavius
1375 889 1501 950 Rossius

167 987 333 1048 Brixianus
355 991 408 1049 ille
429 991 545 1069 Ligorii
567 990 702 1048 aemulus
723 989 813 1047 iniis
835 1007 913 1065 quae
936 988 1065 1048 Grutero
1087 991 1227 1048 submisit
1247 991 1322 1048 satis
1343 991 1501 1049 honestum

169 1107 204 1148 se
227 1091 373 1162 exhibuit,
394 1091 536 1152 decennio
558 1101 628 1168 post
648 1091 714 1166 ipse
735 1091 846 1149 librum
866 1090 957 1150 edens
977 1099 1154 1168 nugatorum
1170 1092 1301 1149 omnium
1316 1091 1501 1150 levissimum

169 1199 201 1250 et
224 1193 445 1250 stultissimum.
1158 1261 1160 1264 Ι

257 1293 285 1351 5.
321 1292 427 1351 Ursini
448 1295 630 1352 collectanea
651 1311 717 1352 oum
739 1311 800 1350 non
822 1289 973 1368 extent¹),
997 1310 1073 1368 quae
1095 1293 1123 1350 ei
1144 1300 1268 1370 accepta
1282 1291 1374 1350 refert
1389 1291 1502 1352 Guten·

170 1393 288 1452 stenius
310 1393 454 1471 pleraque
475 1395 513 1452 ad
536 1395 661 1454 schedas
678 1392 879 1454 Gutenstenio
901 1393 1051 1452 exhibitas
1071 1393 1131 1450 iarn
1153 1393 1234 1468 exigi
1249 1400 1408 1468 nequeunt.
1443 1391 1502 1454 Sed

170 1503 221 1552 est
240 1495 318 1552 inter
339 1513 375 1553 ea
395 1495 513 1572 sylloge
535 1495 682 1572 quaedam
703 1501 821 1572 praeter
836 1491 1067 1553 Gutenstenium
1087 1493 1173 1552 nobis
1188 1503 1261 1552 nota
1282 1513 1336 1572 per
1350 1503 1503 1554 auctorem

169 1595 299 1653 alterum
325 1596 476 1654 hominem
501 1597 628 1672 probum
649 1595 809 1655 Nicolaum
830 1594 1032 1664 Florentium,
1062 1595 1114 1670 qui
1138 1601 1169 1652 ut
1190 1614 1255 1652 eam
1277 1595 1415 1672 syllogen
1437 1595 1501 1654 sive

170 1715 211 1754 ex
231 1695 300 1772 ipso
314 1695 421 1754 Ursini
442 1699 580 1772 exemplo
602 1697 666 1755 sive
686 1715 724 1755 ex
746 1695 871 1772 gemello
891 1695 1058 1771 descripsit,
1080 1696 1124 1753 ita
1138 1696 1277 1772 leguntur
1290 1695 1502 1771 inscriptiones

169 1815 234 1854 non
255 1798 287 1855 in
308 1797 426 1856 schedis
448 1797 567 1874 quidem
589 1797 835 1856 Bruxellensibua
859 1796 1020 1866 Torrentii,
1043 1813 1121 1871 quae
1142 1795 1286 1872 pleraque
1307 1795 1504 1855 Florentiana

170 1908 340 1970 servarunt,
363 1897 417 1956 sed
437 1898 467 1955 in
481 1897 637 1974 Lipsianis
660 1898 757 1957 editis.
795 1895 920 1974 Sylloge
941 1916 977 1955 ea
998 1915 1065 1954 cum
1082 1895 1267 1973 Spoletinam
1288 1914 1320 1954 se
1339 1915 1406 1956 esse
1421 1897 1503 1969 velit,

170 1995 344 2075 Spoletina,
371 1999 403 2056 id
431 2008 477 2058 est
498 1997 674 2059 Salonitana
699 1999 787 2074 plura
813 1999 925 2074 recepit
951 2015 1039 2073 quam
1067 2015 1135 2056 vere
1158 1995 1285 2073 Spoletii
1311 2004 1445 2074 reperta,
1473 2005 1503 2057 et

170 2099 249 2158 alias
274 2115 395 2175 quoque
419 2102 594 2176 perturbata
620 2108 666 2160 est
691 2110 721 2159 et
745 2107 899 2176 corrupta,
927 2117 946 2155 a
970 2097 1077 2156 fraude
1103 2104 1203 2155 tamen
1225 2097 1333 2155 aliena.
1376 2097 1441 2156 Iam
1464 2117 1503 2157 ex

168 2200 376 2260 Florentianis
397 2201 455 2260 illis
477 2201 549 2277 quid
569 2201 700 2262 effecerit
720 2200 851 2260 Ursinus
872 2207 1061 2276 personatus,
1082 2198 1274 2274 intellegetur
1295 2216 1334 2256 ex
1355 2199 1503 2275 exemplis

169 2319 250 2378 quae
272 2321 409 2380 apposui.

215 2559 218 2564 ι
274 2485 382 2555 anst'cs
394 2505 425 2556 p.
438 2486 484 2540 36.
929 2481 1036 2536 Ursinus
1056 2485 1093 2545 (ia
1112 2485 1206 2550 σοφῆς.
1226 2479 1298 2534 aas
1318 2482 1412 2546 Grac).

434 2599 574 2648 Consentio
593 2599 699 2648 deorum
1081 2593 1221 2644 Consentio
1240 2593 1347 2644 deorum

417 2690 530 2740 Marian.
549 2691 714 2739 Asozomene
1017 2685 1150 2735 Marianus
1168 2685 1328 2736 Sozomenus

470 2781 578 2845 imperio
597 2781 659 2830 iecit
972 2777 1080 2840 imperio
1181 2790 1203 2825 s.
1224 2791 1259 2826 m.
1278 2791 1311 2826 ex
1329 2781 1391 2825 voto
1409 2776 1459 2826 isc.

284 2890 386 2940 Titulus
409 2889 493 2940 adhuc
517 2895 607 2940 extans
626 2889 726 2954 Spalati
749 2889 835 2952 ibique
857 2901 873 2937 a
897 2901 938 2936 me
957 2886 1099 2949 descriptus
1119 2883 1276 2946 (111,1935)
1295 2898 1312 2934 a
1329 2885 1419 2951 Lipsio
1437 2892 1505 2936 recte

282 2981 401 3042 refertur,
421 2981 471 3032 nisi
490 2981 560 3046 quod
578 2982 605 3030 in
623 2980 710 3045 lapide
729 2985 767 3029 eat
784 2976 913 3028 Murccna
932 2975 1073 3028 Saramene.

276 3174 383 3244 Lipsius
399 3193 426 3244 p.
440 3173 484 3228 32.
523 3178 641 3242 Spoletii.
930 3172 1001 3223 Grut.
1016 3169 1095 3233 1008,
1110 3174 1124 3220 'l
1139 3191 1173 3213 =
1189 3167 1268 3232 1009,
1282 3167 1309 3220 2.
1341 3169 1448 3222 Ursinus
1455 3187 1505 3238 per

984 3262 1174 3314 Gcteastenicm.
1212 3261 1322 3326 Spoleti.

524 3377 644 3426 Lam
1137 3373 1258 3421 Lem

501 3467 533 3528 Q.
552 3468 667 3518 Raonius
1109 3461 1141 3523 Q.
1159 3461 1290 3512 Varonius

496 3559 620 3608 Dodorus
638 3573 671 3608 ex
1126 3552 1277 3602 Philocalus

504 3656 565 3700 voto
583 3650 669 3714 posuit
793 3701 796 3704 Δ
840 3702 841 3706 ¹
1053 3686 1054 3689 ,
1120 3658 1144 3691 v.
1164 3657 1185 3692 s.
1204 3642 1222 3692 l.
1242 3657 1277 3691 m.

496 3741 561 3790 libes
580 3741 672 3790 merito
1158 3733 1244 3796 posuit

483 3832 512 3881 iii
530 3831 587 3880 idus
605 3831 690 3880 Maias
1106 3825 1146 3875 VI
1164 3824 1200 3872 id.
1219 3823 1295 3873 Febr.

484 3921 647 3986 ..proniano
667 3927 691 3970 et
804 3951 810 3960 ·
1101 3916 1255 3979 Aproniano
1274 3921 1300 3963 et

498 4029 542 4078 pp.
561 4013 604 4062 du.
624 4027 676 4062 cos.
1124 4007 1207 4071 Nigro
1226 4021 1279 4056 cos.
1382 4055 1393 4072 ⁸

286 4123 415 4190 Exempla
440 4123 548 4172 meliora
571 4120 783 4182 (v.111,1945)
807 4133 883 4168 versu
906 4118 997 4168 numo
1021 4117 1097 4178 dant,
1121 4115 1191 4182 quod
1215 4116 1292 4165 etiam
1314 4115 1342 4164 in
1364 4115 1508 4179 corruptela

222 4233 224 4238 ·
286 4217 455 4268 Florentiana
472 4215 556 4264 inesse
574 4213 656 4278 quiris
675 4209 753 4272 videt,
772 4206 881 4259 Broduo
899 4225 950 4260 cos.

178 4511 236 4546 eam
259 4500 347 4544 autem
368 4492 421 4558 legi
443 4492 472 4540 in
495 4491 583 4541 codice
605 4487 651 4538 illo
675 4487 802 4537 adiectam
826 4500 904 4534 manu
922 4485 1011 4549 ignota
1029 4488 1171 4534 atramento
1191 4481 1291 4530 diverso
1310 4480 1421 4544 itemque
1440 4479 1509 4544 apud

179 4587 320 4638 Gruterum
344 4589 460 4634 auctores
485 4581 632 4630 laudantem
660 4579 786 4632 Smetium
811 4584 837 4626 et
861 4575 1067 4628 Gutenstenium.
1113 4572 1219 4622 Collatia
1244 4571 1350 4635 reliquis
1375 4569 1509 4619 fraudibus

179 4675 391 4730 Gntensteuianis
408 4689 461 4724 non
481 4673 536 4724 sine
554 4685 632 4722 causa
649 4671 677 4720 id
696 4670 778 4720 codici
798 4669 954 4731 adscriptum
972 4665 1158 4730 suspicabimur
1176 4663 1208 4712 ab
1228 4662 1285 4726 ipso
1305 4659 1482 4713 Gutenstenio.

259 4785 282 4848 ¹)
310 4784 410 4836 Romae
423 4783 524 4832 codices
536 4781 710 4831 bibliothecae
718 4779 859 4830 Vaticanus
872 4776 1047 4842 pervestigans
1061 4766 1183 4822 adnotavi
1196 4773 1222 4822 in
1236 4771 1389 4822 Manutiano
1402 4785 1427 4820 n.
1439 4769 1509 4820 5241

181 4883 302 4942 excerpta
325 4875 377 4940 legi
393 4865 435 4924 ‘ex
458 4874 525 4922 libro
549 4873 580 4922 F.
597 4862 697 4922 Ursini'
721 4870 781 4919 inde
805 4885 821 4918 a
844 4885 869 4932 p.
885 4865 927 4917 47¹
950 4865 984 4915 ad
1007 4881 1033 4928 p.
1051 4865 1160 4914 tortasse
1180 4863 1228 4925 743
1253 4877 1313 4912 nam
1339 4867 1464 4927 quatenus
1488 4861 1511 4910 is

181 4969 270 5018 titulus
289 4967 443 5033 perveniret,
463 4979 517 5014 non
535 4964 597 5013 satis
615 4962 679 5012 mihi
698 4960 838 5010 constabat.
870 4959 942 5008 Haec
960 4971 1018 5006 enm
1038 4955 1072 5005 ad
1090 4957 1160 5004 meas
1179 4959 1266 5018 partes
1284 4968 1337 5004 uon
1357 4957 1509 5017 spectarent,

181 5075 235 5110 non
256 5057 373 5119 excussi3
399 5056 445 5106 sed
466 5061 570 5120 rogatos
589 5053 666 5102 velim
691 5053 801 5116 collegas
820 5049 919 5100 Romae
945 5047 1080 5110 degentes,
1104 5052 1134 5094 ut
1152 5059 1183 5094 ea
1201 5045 1340 5108 inspiciant
1358 5050 1384 5093 et
1402 5039 1513 5093 certiora

182 5165 231 5200 nos
255 5149 289 5202 de
311 5149 344 5198 lis
366 5147 498 5197 edoceant.
536 5146 622 5196 Etiam
646 5144 673 5193 in
697 5143 754 5192 cod.
772 5143 856 5202 6040,
884 5139 928 5204 qui
947 5138 1124 5202 complectitur
1147 5135 1229 5186 multa
1251 5136 1415 5200 diversaque,
1440 5131 1512 5182 Ursi·

183 5241 263 5292 nlana
280 5239 408 5306 quaedam
425 5237 588 5303 reperiuntur
606 5233 764 5300 praescripto
783 5231 887 5282 nomine
905 5229 992 5282 Latini
1009 5227 1108 5280 Latinii
1125 5225 1150 5288 (Ι
1168 5243 1194 5293 p.
1208 5225 1263 5288 49).
