3654 6072
350 634 400 706 80
658 643 840 698 sommare
858 640 1157 696 ossnuvsrrorvns
1174 641 1293 693 rmore.
1312 641 1362 693 tv.

348 823 463 884 ratione
484 820 598 897 scripta
625 825 740 876 tantum
770 816 871 888 abest,
898 823 932 872 ut
958 815 987 872 ei
1013 813 1200 873 coniecturae
1225 815 1360 885 obstent,
1387 815 1420 871 u't
1441 832 1506 871 eam
1527 813 1679 872 luculente

349 924 531 984 confirment.
573 918 664 979 Redit
690 917 770 975 enim
797 917 840 978 in.
854 915 959 974 iisdem
985 916 1074 972 etiam
1102 923 1205 972 notum
1233 915 1410 973 elementum
1437 934 1456 973 a
1482 912 1611 974 Claudio
1641 915 1680 973 ad

348 1023 540 1101 alphabetum
561 1019 703 1078 Latinum
729 1017 861 1076 additum
887 1035 966 1074 anno
987 1035 1016 1092 p.
1033 1013 1103 1074 Chr.
1119 1015 1170 1086 47,
1197 1015 1275 1072 sicut
1300 1015 1516 1074 demonstravit
1541 1015 1680 1074 Bueche-

348 1127 430 1184 lerus
458 1123 509 1200 (de
529 1122 578 1180 Ti.
601 1117 728 1180 Claudio
749 1115 942 1193 grammatico
964 1133 993 1190 p.
1010 1114 1063 1190 23)
1090 1116 1147 1187 ita,
1177 1123 1209 1172 ut
1235 1117 1383 1174 scribatur
1409 1119 1441 1176 in
1467 1118 1542 1176 actis
1570 1116 1637 1174 Ian.
1660 1117 1678 1174 3

350 1239 483 1295 ssnrrvs,
504 1222 594 1282 Febr.
611 1220 650 1279 25
672 1234 837 1289 munerata,
859 1217 968 1275 deinde
988 1217 1020 1274 in
1041 1233 1077 1272 ea
1097 1224 1192 1293 parte,
1213 1216 1263 1274 ubi
1284 1218 1343 1274 iam
1363 1237 1418 1294 pro
1433 1219 1556 1295 conlepr'o
1570 1235 1680 1278 rursus

348 1328 460 1405 legitur
481 1323 637 1398 collegium,
658 1320 725 1378 Iun.
741 1319 779 1377 23
802 1333 893 1389 bisse,
914 1325 1070 1393 praeterea
1087 1316 1224 1393 plurimis
1243 1317 1328 1390 locis,
1352 1320 1403 1377 ubi
1421 1320 1493 1378 item
1513 1319 1606 1378 scribi
1629 1318 1680 1376 de·

350 1427 415 1486 buit
434 1443 460 1498 a,
483 1423 605 1484 solitum
626 1438 647 1479 v
669 1421 755 1480 adsit.
790 1419 904 1478 Notum
927 1426 1026 1476 sutem
1047 1425 1095 1475 est
1114 1419 1275 1494 monuique
1296 1437 1352 1496 ego
1374 1439 1493 1496 quoque
1514 1430 1588 1493 tum,
1611 1438 1680 1477 cum

349 1527 454 1587 tabula
474 1545 511 1584 ea
528 1525 656 1602 primum
671 1521 813 1580 edebatur
836 1517 952 1595 (Herm.
973 1517 1031 1576 vol.
1049 1516 1067 1574 2
1089 1536 1119 1592 p.
1136 1517 1199 1593 63),
1222 1518 1298 1577 hanc
1313 1537 1380 1579 esse
1394 1522 1522 1598 primam
1537 1529 1567 1580 et
1581 1521 1680 1580 adhuc

351 1627 448 1687 solam
468 1624 692 1702 inscriptionem
713 1621 744 1679 id
765 1621 943 1678 elementum
964 1619 1133 1694 habentem,
1154 1641 1244 1698 qnam
1267 1630 1417 1682 constaret
1437 1629 1592 1680 exaratam
1611 1640 1681 1682 esse

350 1736 420 1807 post
440 1743 599 1786 excessum
619 1722 794 1782 inventoris.
830 1719 932 1794 Quare
946 1721 999 1795 qui
1013 1721 1087 1780 haec
1102 1724 1222 1800 scripsit
1233 1724 1375 1784 adsuetus
1389 1723 1574 1782 litteraturae
1589 1721 1682 1782 Clau·

352 1829 458 1898 dianae
484 1836 546 1886 tam
571 1827 603 1884 in
624 1824 721 1882 torma
742 1821 880 1880 elementi
902 1822 960 1878 iam
983 1822 1096 1882 abolita
1117 1842 1206 1900 quam
1226 1825 1256 1884 iu
1278 1825 1398 1902 collegii
1419 1825 1556 1884 vocabuli
1579 1825 1682 1882 ortho-

350 1929 476 2007 graphia
501 1927 540 1986 ad
560 1925 717 2004 pristinam
739 1923 983 1982 consuetudinem
1003 1923 1100 1982 rediit.
1142 1924 1284 2001 Regulae,
1296 1935 1410 1998 autem,
1437 1943 1514 2001 quas
1534 1926 1572 1984 de
1592 1943 1682 1984 voca·

350 2032 415 2090 buli
436 2027 651 2105 orthographia
671 2025 731 2082 alio
753 2032 886 2100 tempore
907 2025 969 2082 alia
983 2025 1149 2099 posuimus,
1171 2035 1200 2084 et
1214 2028 1416 2102 grammaticis
1430 2027 1560 2086 fortasse
1575 2027 1681 2103 aliquo

351 2131 441 2190 modo
463 2130 550 2188 utilia
570 2136 656 2186 erunt
677 2135 707 2184 et
727 2125 815 2184 nobis
837 2125 941 2200 quiin
961 2126 1050 2184 rebus
1071 2127 1201 2202 antiquis
1223 2128 1408 2203 explicandis
1429 2145 1595 2186 versamur.
1633 2129 1683 2186 Ita

352 2233 433 2310 quod
454 2231 527 2289 alibi
548 2227 742 2304 (Staotsrecltt
758 2229 785 2296 l,
801 2225 861 2284 268
883 2245 912 2283 n.
929 2226 963 2302 4)
986 2227 1088 2284 monui
1109 2229 1229 2286 unicum
1251 2229 1379 2300 titulum,
1402 2230 1454 2304 qui
1467 2229 1603 2290 nominet
1618 2249 1682 2288 con·

351 2331 483 2410 dapium)
504 2335 645 2390 viatorum
673 2326 783 2404 (Orell.
805 2325 916 2402 3256),
943 2327 1087 2402 scriptum
1115 2345 1183 2386 esse
1204 2329 1299 2387 videri
1319 2339 1371 2388 aut
1391 2331 1539 2388 liberare
1560 2330 1683 2405 publica

351 2444 403 2493 aut
423 2433 528 2511 primis
550 2431 636 2489 annis
656 2428 798 2504 Augusti,
820 2446 886 2485 cum
906 2428 1054 2486 viatorum
1076 2447 1186 2506 corpus
1207 2449 1269 2488 non
1290 2424 1442 2490 decuriam
1462 2431 1605 2509 appellet,
1629 2433 1682 2490 sed

352 2536 521 2612 collegium,
541 2533 573 2590 id
594 2551 647 2609 per
669 2529 913 2607 orthographiam
935 2530 1024 2588 etiam
1046 2530 1142 2606 magis
1165 2530 1324 2589 stabilitur.

435 2635 525 2696 Addo
547 2634 672 2692 alteram
693 2630 933 2690 observationem
954 2649 993 2687 ex
1014 2631 1120 2690 iisdem
1142 2632 1217 2690 actis
1232 2633 1364 2710 petitam.
1401 2631 1515 2690 Notum
1530 2639 1577 2691 est
1593 2653 1682 2693 voca·

352 2738 456 2796 bulum
481 2735 562 2812 quod
588 2741 634 2792 est
654 2751 722 2790 suus
751 2730 875 2789 meliore
901 2739 998 2790 aetate
1023 2732 1066 2790 ibi
1091 2739 1207 2790 tantum
1228 2733 1312 2806 addi,
1338 2734 1389 2792 ubi
1411 2734 1450 2792 ad
1470 2753 1538 2793 enm
1559 2735 1597 2792 de
1619 2754 1681 2812 quo

352 2839 451 2914 agitur
470 2855 533 2894 rem
554 2833 702 2912 pertinere
723 2833 886 2890 intentione
908 2849 975 2890 cum
996 2832 1098 2908 aliqua
1120 2834 1339 2906 contendimus,
1367 2835 1464 2894 omitti
1485 2842 1601 2910 autem,
1628 2837 1682 2895 ubi

352 2937 497 2996 orationis
519 2953 627 2994 nervos
649 2952 709 2992 non
731 2941 853 3010 augeat3
876 2941 908 2991 ut
929 2932 1060 3010 exempli
1082 2951 1173 2992 causa
1194 2916 1318 2993 dicimus
1341 2943 1564 3012 procuratorem
1578 2955 1683 2998 errore

351 3039 489 3108 fundum,
516 3037 569 3113 qui
594 3035 690 3111 ipsius
717 3034 768 3106 sit,
795 3034 1000 3110 procuratorio
1026 3035 1145 3092 nomine
1167 3054 1275 3093 venum
1303 3037 1421 3095 dantem
1446 3037 1568 3096 fundum
1591 3058 1681 3098 suum

352 3139 533 3211 vendidisse,
555 3156 620 3195 cum
642 3135 751 3194 fundus
773 3153 860 3211 quem
882 3142 1058 3212 procurator
1078 3135 1180 3194 vendit
1200 3137 1265 3194 eius
1286 3137 1460 3213 plerumque
1481 3141 1523 3197 sit
1543 3142 1597 3215 qui
1612 3161 1681 3200 eum

352 3239 536 3300 vendendum
558 3237 720 3308 mandavit,
741 3235 891 3294 dominum
914 3244 1013 3294 autem
1030 3237 1154 3295 fundum
1169 3237 1346 3310 vendidisse,
1368 3257 1428 3297 non
1442 3239 1567 3298 fundum
1582 3259 1679 3301 suum.

353 3339 414 3402 Sed
440 3341 492 3418 qui
518 3339 557 3397 ad
581 3339 709 3397 labentis
736 3338 881 3394 sermonis
902 3337 983 3396 vices
1006 3338 1195 3396 attenderunt
1215 3339 1285 3396 item
1311 3339 1410 3397 sciunt
1434 3340 1510 3399 hanc
1536 3343 1681 3404 severita-

352 3453 412 3503 tem
437 3441 592 3518 paullatim
619 3439 790 3498 exolevisse
814 3447 844 3496 et
864 3439 914 3498 vel
932 3438 1070 3497 Romana
1090 3447 1188 3498 aetate
1208 3440 1400 3498 fundamenta
1419 3442 1498 3499 iacta
1519 3461 1588 3502 esse
1611 3463 1681 3504 con·

353 3543 519 3602 suetudinis
550 3542 614 3602 eius
645 3557 723 3616 quae
749 3559 828 3599 nunc
854 3539 934 3616 apud
958 3538 1084 3598 Latinae
1114 3540 1216 3617 stirpis
1242 3541 1437 3618 propaginem
1463 3543 1594 3616 obtinet,
1627 3545 1679 3603 ubi

352 3643 490 3704 dominus
516 3644 576 3700 iam
591 3643 694 3701 vendit
714 3659 748 3699 sc
765 3642 923 3718 propridtt,
944 3641 968 3699 il
988 3660 1039 3700 suo
1056 3641 1171 3716 podere,
1194 3651 1226 3699 ut
1248 3661 1348 3700 earum
1371 3643 1524 3701 nationum
1542 3644 1680 3705 homines

352 3765 459 3822 parum
480 3744 612 3802 eruditos
634 3741 744 3801 Latina
765 3743 936 3819 quaeipsis
957 3743 1095 3801 videntur
1116 3743 1372 3802 conscribillautes
1394 3761 1540 3819 persaepe
1561 3764 1601 3804 ex
1623 3746 1681 3806 hoc

353 3844 500 3906 sermonis
521 3844 595 3902 vitio
618 3859 773 3918 agnoscas.
815 3843 879 3901 Iam
902 3844 952 3902 ubi
974 3844 1142 3902 evolvimus
1164 3850 1231 3900 acta
1251 3844 1417 3917 Arvalium,
1439 3845 1520 3921 quod
1541 3847 1680 3922 epistulis

352 3947 565 4022 imperatorum
587 3944 625 4001 ad
645 3944 803 4020 collegium
825 3944 903 4003 datis
924 3963 1050 4022 semper,
1076 3943 1107 4000 id
1128 3951 1174 4002 est
1195 3944 1360 4021 imperante
1380 3943 1460 4004 Gaio
1482 3956 1512 4005 et
1532 3948 1578 4006 sic
1598 3948 1681 4007 dein-

352 4064 434 4124 ceps,
454 4046 673 4124 praescriptum
687 4045 811 4120 legitur:
832 4046 995 4122 imperator
1007 4046 1060 4102 ille
1075 4045 1190 4121 colleps's
1204 4049 1265 4104 suis
1279 4046 1409 4117 salutem,
1431 4055 1510 4106 recte
1530 4049 1679 4122 sehabet,

352 4167 420 4207 cum
441 4147 588 4224 pertineat
608 4147 647 4204 ad
663 4146 911 4204 necessitudinem
926 4147 1143 4206 declarandam.
1179 4147 1222 4204 At
1235 4147 1266 4206 iu
1279 4147 1409 4205 formula
1422 4148 1606 4222 indictionis,
1628 4152 1680 4208 ubi

353 4258 400 4307 est
421 4248 465 4308 sic
478 4248 555 4306 fere:
578 4251 713 4322 mapistcr
732 4248 902 4323 sacrficium
923 4267 986 4306 cum
1006 4248 1121 4322 collegia
1141 4248 1253 4318 indicit,
1276 4255 1411 4323 apertum
1430 4257 1477 4306 est
1490 4250 1603 4308 nudum
1619 4252 1680 4310 col·

351 4349 486 4425 legarum
507 4349 686 4408 vocabulum
714 4349 788 4406 satis
815 4349 967 4420 sufficere,
993 4357 1023 4408 et
1044 4367 1112 4407 vere
1139 4348 1279 4407 scribitur
1299 4349 1342 4406 ita
1363 4350 1403 4408 ad
1427 4357 1555 4409 aetatem
1580 4370 1679 4428 usque

352 4449 485 4510 Traiani.
528 4451 571 4508 At
597 4451 628 4507 in
654 4449 729 4507 actis
755 4449 901 4508 anni118
929 4449 1008 4526 quod
1033 4449 1162 4526 primum
1187 4449 1295 4525 legitur
1320 4467 1382 4508 cum
1408 4451 1619 4526 collegissem,
1645 4453 1678 4510 id

351 4551 457 4610 deinde
477 4559 621 4628 perpetuo
640 4552 787 4608 retinetur
806 4551 992 4626 pertinetque
1014 4551 1135 4608 omnino
1157 4549 1196 4608 ad
1218 4570 1283 4609 eam
1306 4552 1453 4612 sermonis
1471 4553 1677 4628 degeneratio·

351 4669 433 4724 nem,
460 4669 538 4726 quae
560 4651 598 4710 ad
620 4651 863 4712 consuetudinem
886 4652 985 4728 qualis
1008 4652 1096 4710 hodie
1121 4652 1235 4710 obtinet
1255 4653 1380 4728 proclivi
1400 4654 1505 4712 itinere
1525 4654 1675 4731 perduxit.

809 4981 1218 4994 -1———1-——n--2-

785 5269 886 5320 Formis
905 5270 1069 5322 Academicis
1088 5268 1132 5331 (G.
1145 5269 1244 5336 Vogt).
