3568 6070
333 533 407 604 210
880 546 1108 609 ussovssnr

415 724 444 782 A
465 711 696 800 municipalibus
718 719 924 782 sacerdotibus
946 718 1174 797 distinguendus
1195 725 1241 780 est
1262 735 1396 780 summus
1417 721 1584 800 provinciae
1603 740 1646 780 sa·

215 884 221 901 ,
331 825 452 900 cardos,
481 823 580 900 qualis
607 823 664 882 fuit
691 823 747 882 sub
769 819 871 882 Nerva
898 820 1096 900 Scopelianus
1126 821 1277 898 sophista,
1306 815 1460 905 ἀρχιερεὺς
1486 825 1534 894 τῆς
1555 815 1647 885 'Arias

331 926 495 1004 (Philostr.
518 923 556 984 V.
580 922 611 986 S.
636 925 663 997 l,
684 923 734 995 2l,
757 921 805 1000 2).
849 923 1001 984 Aristides
1029 941 1147 1000 quoque
1174 923 1205 982 10
1231 923 1326 984 sacris
1353 923 1553 996 orationibus,
1578 943 1646 1001 quas

331 1027 455 1106 scripsit
474 1047 501 1089 a.
516 1047 546 1104 p.
562 1023 634 1086 010.
649 1025 708 1085 175
730 1024 950 1102 (Waddington
970 1025 1021 1085 Via
1035 1027 1074 1084 du
1088 1025 1202 1086 rbdtecr
1215 1024 1346 1084 Aristide
1359 1030 1389 1086 ia
1403 1025 1490 1084 Mero.
1506 1027 1540 1084 dc
1555 1024 1646 1086 laced.

331 1130 360 1188 d
381 1133 468 1190 iaaor.
494 1126 572 1187 1867
600 1145 628 1204 p.
645 1125 721 1202 252)
747 1126 805 1186 sibi
831 1127 891 1202 ipsi
918 1147 937 1187 a
962 1123 1136 1204 Smyrnaeis
1165 1120 1215 1198 τὴν
1240 1117 1389 1211 {sparsione
1416 1121 1467 1196 τὴν
1492 1120 1580 1196 uosvis
1605 1129 1647 1196 τῆς

329 1222 433 1290 Ἀσίας
461 1229 592 1290 oblatam
620 1245 689 1288 esse
716 1237 819 1288 narrat
847 1227 1063 1307 00110531
1088 1228 1196 1300 Dind,
1224 1226 1518 1307 Smyrnaeorumque
1543 1228 1646 1305 legatos

332 1321 509 1414 (συνέδρους)
536 1330 567 1388 10
591 1329 741 1388 communi
767 1329 893 1388 concilio
920 1328 963 1405 (iv
989 1331 1030 1406 τῷ
1051 1322 1184 1413 συνεδρίῳ
1205 1329 1364 1406 0010000νο7)
1390 1347 1424 1388 se
1451 1329 1647 1401 nominavisse,

331 1432 552 1509 conciliumque
572 1449 681 1490 nomen
703 1448 790 1490 suum
811 1432 960 1506 recepisse
981 1432 1143 1503 intereos,
1165 1451 1204 1490 ex
1226 1431 1334 1508 quibus
1352 1432 1516 1508 proconsul
1529 1432 1646 1492 futurum

331 1533 503 1612 provinciae
530 1532 716 1594 sacerdotem
742 1533 924 1611 designaret.
966 1532 1107 1609 inprimis
1128 1551 1200 1592 vero
1227 1551 1263 1592 ea
1287 1540 1385 1592 aetate
1411 1533 1553 1610 frequens
1577 1534 1647 1594 illius

332 1634 497 1694 sacerdotis
528 1641 577 1694 est
603 1633 732 1707 mentio,
764 1651 841 1710 qua,
870 1631 985 1694 Christi
1014 1633 1150 1693 doctrina
1176 1634 1273 1712 magis
1301 1635 1460 1712 magisque
1487 1643 1647 1712 propagata,

332 1734 517 1797 Graecorum
543 1736 666 1794 deorum
692 1735 786 1794 cultui
811 1735 951 1795 interitus
977 1734 1092 1796 instare
1118 1735 1284 1796 videbatur.
1327 1735 1374 1794 Eo
1402 1745 1538 1813 tempore
1561 1737 1647 1795 Maxi·

331 1837 430 1898 minus
452 1835 670 1912 (sos-31³),
699 1846 733 1896 ut
758 1843 806 1895 est
831 1837 913 1913 apud
933 1836 1046 1896 Euseb.
1069 1836 1109 1895 H.
1131 1837 1168 1896 E.
1192 1837 1297 1910 8,14,
1317 1838 1335 1896 9
1362 1837 1496 1896 instituit
1520 1829 1601 1920 ἱερέας
1621 1860 1646 1895 τε

331 1927 454 1995 εἰδώλων
475 1931 551 1996 κατὰ
572 1927 666 1994 πάντα
688 1927 842 1994 01000001
863 1927 945 1994 πέλω
965 1927 1014 1995 καὶ
1035 1927 1080 1994 sai
1102 1928 1208 1994 τούτων
1228 1929 1349 2008 ἑκάστης
1363 1931 1513 2022 ἐπαρχίας
1525 1929 1647 2022 α’ρχιερὲα

330 2040 385 2097 τῶν
416 2037 444 2097 ἓν
475 2031 628 2099 celaveritis
658 2027 707 2095 ivre
733 2028 767 2113 pi
791 2061 853 2096 τινα
881 2032 928 2096 τὸν
953 2028 1086 2116 μάλιστα
1112 2037 1245 2117 ἐμφανῶς
1271 2033 1319 2097 δαὶ
1345 2030 1444 2110 πάσης
1473 2031 1646 2124 inspiciente

329 2132 517 2228 λειτουργίας,
539 2149 568 2198 et
589 2140 645 2199 sub
660 2139 780 2199 Iuliano
802 2138 998 2216 (stc-363)
1019 2147 1081 2199 tres
1102 2140 1275 2200 huiusmodi
1298 2141 1473 2202 sacerdotes
1496 2143 1559 2201 noti
1578 2149 1646 2212 aunt,

330 2241 523 2314 Theodorus,
550 2234 703 2324 (ἔρχαρεῦς
730 2242 781 2311 τῆς
801 2235 918 2308 Ἀσίας,
946 2242 985 2300 sd
1011 2259 1099 2318 quem
1126 2241 1261 2302 Iulianus
1289 2244 1410 2320 scripsit
1431 2244 1585 2320 epistolam
1600 2243 1644 2314 633

329 2345 488 2414 Arsaoius,
515 2335 667 2426 ἅρχαρεῦς
686 2343 737 2414 τῆς
757 2335 917 2410 Γαλατίας,
938 2344 986 2402 001
1007 2343 1086 2402 idem
1107 2343 1229 2404 mandat
1250 2363 1296 2420 ep.
1313 2345 1368 2418 49,
1395 2353 1431 2404 ut
1452 2364 1555 2404 severe
1575 2363 1646 2405 coer·

328 2455 395 2506 cest
421 2462 525 2504 omues
554 2443 695 2506 Galatiae
721 2444 908 2516 sacerdotes,
937 2444 1016 2504 dioto
1044 2446 1199 2505 audientes
1227 2447 1369 2522 praemiis
1398 2447 1528 2520 alliciat,
1555 2456 1646 2506 contu-

323 2566 429 2608 maces
458 2545 628 2608 sacerdotio
656 2545 806 2622 expellat3
840 2545 968 2622 denique
997 2545 1236 2623 Chrysantbius,
1267 2548 1304 2606 de
1333 2567 1391 2626 quo
1423 2550 1515 2608 tradit
1541 2549 1644 2625 Eunap.

328 2668 358 2726 p.
375 2649 413 2708 57
436 2648 550 2707 Boiss.:
577 2645 613 2702 ‘O
641 2636 671 2704 δὲ
694 2646 857 2724 (Iulianus)
884 2638 1021 2730 ἀρχιερέα
1046 2640 1207 2730 ἀποδείξας
1232 2640 1280 2706 τυύ
1301 2671 1331 2706 τε
1354 2638 1446 2733 ἄνδρα
1467 2641 1515 2708 καὶ
1536 2641 1581 2719 τὴν
1601 2671 1646 2725 γυ-

329 2751 412 2809 ναῖκα
433 2751 483 2815 ταῖς
503 2739 610 2808 Λυδίας
631 2746 745 2824 (Lydia
765 2767 784 2806 a
805 2747 997 2808 Diocletiano
1019 2749 1173 2825 provincia
1193 2750 1273 2811 facta
1293 2751 1387 2828 crat),
1408 2741 1458 2809 acci
1481 2746 1527 2808 ὑπ’
1548 2742 1646 2810 ἐκείνως

328 2840 487 2934 ἐπιτρίψας
507 2839 576 2907 εἶναι
597 2851 653 2908 τῶν
672 2835 768 2908 ἄλλων
789 2843 839 2919 τὴν
860 2839 975 2932 αἵρεσιν,
997 2845 1083 2912 calcia
1103 2841 1148 2908 iri
1162 2844 1210 2908 τδν
1223 2846 1358 2932 Περσυυᾶν
1372 2843 1514 2930 συνήγετο
1530 2843 1644 2920 nitesco.

327 2951 370 3010 Et
397 2951 457 3012 alio
485 2951 553 3010 1000
580 2951 701 3028 pili:
730 2943 743 3008 i
771 2937 801 3006 di
823 2939 1009 3033 Χρυσᾶνθως
1034 2945 1084 3022 τὴν
1111 2942 1324 3035 ἀρχιερωσύνην
1350 2955 1402 3013 τοῦ
1425 2948 1533 3016 wavria
1552 2944 1645 3012 ἔθνους

326 3043 431 3118 λαβών
453 3085 491 3094 -
505 3048 546 3110 ὀὗ
567 3043 664 3135 dapis
685 3038 717 3122 ἦν
737 3045 814 3108 κατὰ
836 3045 885 3122 τὴν
905 3044 1040 3132 {gentico
1060 3087 1099 3098 -
1116 3085 1155 3098 -
1174 3043 1238 3112 orire
1252 3056 1348 3112 λυπῶν
1361 3077 1441 3117 τινας
1455 3057 1512 3114 ταῖν
1526 3060 1644 3139 Χριπια-
1751 3097 1752 3106 2

328 3177 381 3212 νων
402 3175 546 3237 meinwe-

412 3257 461 3315 Ab
483 3255 541 3314 100
562 3255 654 3334 igitur
675 3273 791 3314 summo
812 3255 984 3332 provinciae
1004 3257 1097 3316 totius
1120 3257 1276 3316 sacerdote
1289 3259 1380 3334 plane
1395 3258 1547 3319 diversum
1561 3258 1643 3317 luisse

327 3358 516 3430 Asiarcham,
537 3356 783 3434 Bithyniarcbam
805 3353 996 3433 reliquosque
1017 3357 1152 3418 eiusdem
1176 3359 1294 3436 generis
1316 3360 1421 3420 statuit
1442 3359 1643 3436 Waddington.

328 3458 462 3518 Difficile
482 3467 543 3529 est,
573 3466 675 3516 tantae
697 3458 884 3518 auctoritatis
905 3460 970 3516 viru
992 3459 1129 3535 obloqui,
1152 3462 1205 3519 sed
1227 3481 1265 3519 00
1286 3479 1333 3518 me
1354 3461 1476 3536 quidem
1498 3459 1643 3522 0011101-

326 3562 408 3620 ninm
429 3570 540 3620 temere
561 3559 598 3618 de
619 3577 656 3618 ea
676 3578 709 3618 re
730 3559 911 3618 iudicavisse
933 3561 1091 3636 apparebit
1108 3579 1147 3620 ex
1162 3561 1200 3620 iis
1215 3561 1410 3639 argumentis,
1431 3581 1511 3639 quae
1525 3561 1641 3640 plenius,
1750 3579 1751 3582 ¹

283 3695 285 3700 ·
326 3681 415 3739 quam
437 3663 593 3739 hucusque
613 3660 725 3718 iactum
747 3670 802 3731 est,
824 3660 955 3722 afferam.
1000 3660 1078 3722 Sunt
1098 3671 1197 3721 autem
1219 3663 1305 3722 baec:
1750 3651 1751 3678 ³

411 3765 438 3821 1.
474 3761 566 3822 Asiae
586 3761 759 3837 provinciae
781 3762 981 3822 sacerdotium
1002 3745 1063 3822 000
1084 3763 1235 3823 diversum
1256 3764 1350 3823 fuisse
1370 3783 1391 3822 a
1403 3773 1567 3824 ceterarum
1580 3781 1640 3838 pro·

325 3864 489 3924 vinciarum
504 3863 680 3922 sacerdotiis
692 3863 853 3940 Papiniani
867 3864 951 3923 locus
966 3865 1052 3924 docet
1065 3865 1136 3942 Dig.
1149 3865 1199 3936 50,
1211 3866 1240 3938 5,
1253 3865 1270 3925 8
1285 3885 1329 3942 00.
1359 3865 1397 3922 Ia
1411 3864 1488 3922 Asia
1497 3864 1639 3940 provincia

325 3967 514 4025 sacerdotium
534 3968 678 4040 amcipere
697 3983 756 4024 aaa
777 3976 913 4042 coquatur
933 3983 1048 4049 0000000
1071 3967 1223 4025 liberorum
1237 3969 1360 4041 quiaque
1374 3965 1498 4036 enimsi,
1521 3965 1638 4042 qood-
1749 4011 1750 4032 ,

325 4065 447 4127 Severus
467 4064 616 4142 Aequoreo
642 4067 765 4124 decreuit
790 4085 826 4125 oc
843 4078 945 4142 posteo
966 4069 997 4126 in
1018 4071 1116 4127 0010010
1133 4070 1295 4142 proviaciis
1314 4067 1485 4125 oswendam
1505 4085 1564 4124 esee
1583 4082 1639 4122 ooo·

324 4171 424 4228 stituit.
479 4166 573 4243 Atqui
602 4165 634 4225 10
661 4167 769 4226 ceteris
796 4167 961 4244 provinciis
988 4186 1066 4228 0000
1093 4167 1186 4226 totius
1215 4166 1386 4244 provinciae
1414 4167 1555 4227 sacerdos
1580 4165 1637 4224 tuit

323 4267 439 4330 (lontra
464 4269 496 4328 in
518 4265 597 4326 Asia
621 4268 752 4327 secundo
779 4269 902 4328 saeculo
927 4267 944 4336 ri
970 4258 1102 4350 ἱερωσύνη
1128 4261 1203 4337 καινὴ
1229 4268 1280 4336 τῆς
1299 4262 1403 4328 Ἀσίας
1427 4267 1639 4346 intelligebatur

323 4360 478 4453 ἀρχιερέως
503 4368 704 4428 sacerdotium
726 4368 769 4444 (v.
791 4370 936 4429 Aristidis
958 4369 978 4426 1.
1000 4368 1036 4444 l.)
1061 4369 1191 4444 itemquo
1217 4374 1324 4444 quarto
1353 4369 1475 4428 saeculo
1498 4367 1637 4444 Chrysan-
1748 4415 1749 4442 ,

323 4470 404 4530 thius
425 4462 579 4552 ἇρχαρεῦς
595 4469 723 4528 caditur
736 4463 786 4540 τὴν
797 4459 1010 4553 ἀρχιερωσύνην
1023 4469 1076 4526 τοῦ
1088 4461 1193 4530 cauria
1206 4459 1313 4529 ἔθνους
1327 4471 1496 4547 suscepisse
1518 4469 1636 4546 (Eunap.

323 4568 353 4626 ll.
369 4571 427 4646 ll),
449 4570 537 4628 tertio
556 4587 628 4630 vero
650 4572 771 4630 saeculo
786 4570 973 4630 Modestinus
995 4571 1116 4647 scripsit
1129 4568 1201 4649 Dig.
1218 4567 1267 4642 27,
1286 4571 1313 4640 1,
1329 4570 1347 4628 6
1363 4570 1380 4647 ξ
1395 4571 1433 4630 14
1452 4561 1558 4630 ἔθνους
1570 4569 1637 4651 ἱερω-

324 4660 393 4739 σύνη
422 4669 482 4746 (010
507 4679 586 4729 recte
608 4670 794 4746 Politianus,
823 4662 974 4754 ,ἱεραρχῖα
1000 4679 1080 4730 certe
1106 4688 1166 4730 non
1193 4671 1304 4748 legitur
1322 4671 1354 4730 iu
1376 4671 1563 4744 Florentino,
1589 4669 1637 4728 boc
1747 4743 1748 4758 ρ

319 4767 390 4828 loco
411 4768 558 4828 cvanid0“
579 4769 760 4848 Mommsen)
782 4761 837 4828 οἷον
856 4763 1029 4855 Ἀσιαρχῖα,
1050 4763 1263 4854 Βιθυνιαρχῖα,
1284 4764 1553 4857 Καππαδοκαρχῖα,
1572 4791 1636 4852 παρ-

323 4857 389 4944 ἔχει
416 4861 649 4950 ἀλειτουργησῖαν
673 4865 729 4928 cini
756 4871 925 4956 intrpocoiv,
952 4867 1027 4930 τοῦτ’
1049 4863 1125 4930 ἔστιν
1146 4860 1198 4934 ἕως
1218 4869 1253 4930 civ
1273 4859 1370 4956 ἔρχῃ,
1395 4891 1472 4951 quac
1496 4871 1635 4932 dissensio

323 4983 382 5026 000
411 4967 499 5027 video
523 4969 673 5044 quomodo
700 4974 840 5050 componi
868 4973 980 5051 possit,
1008 4964 1255 5057 0101Ἀσιᾶρχην
1281 4975 1408 5034 eundern
1434 4975 1529 5036 101000
1554 4981 1635 5048 atque

322 5058 460 5150 ἀρχιερέα
481 5073 606 5128 statuas.
641 5070 753 5132 Verum
775 5082 830 5147 est,
852 5075 1018 5135 Asiarchae
1040 5092 1138 5159 usque
1157 5075 1194 5135 ad
1209 5093 1276 5136 eam
1291 5084 1419 5136 aetatem
1433 5075 1632 5153 permansisse,

319 5186 399 5244 qua,
427 5166 541 5230 Christi
569 5169 651 5231 cultu
677 5173 862 5245 introducto,
891 5193 989 5254 neque
1016 5175 1178 5256 gentilibus
1206 5177 1265 5237 diis
1292 5193 1390 5254 neque
1417 5173 1631 5256 imperatoribus
