3620 6080
550 585 847 678 ossuuvs'rro'nns
863 595 983 648 amau.
1003 595 1054 647 x1.
1392 573 1464 648 013

548 803 604 861 XI.
649 807 872 862 ΣΤΡΑῪΗΓΟΣ
896 807 1060 862 unstrot.

222 940 453 1016 Magistratuum
468 936 670 996 &manorum
686 937 832 1006 vocabula
852 937 992 996 credibile
1014 945 1060 996 eat
1080 946 1195 998 mature
1211 938 1337 1002 Graecis
1358 943 1401 1000 ita
1422 943 1466 1002 iu·

137 1041 289 1111 notuisse,
316 1048 351 1097 ut
374 1041 406 1099 iu
434 1057 535 1098 eorum
559 1037 691 1114 linguam
713 1046 955 1096 converterentur
975 1056 1036 1098 nou
1056 1057 1111 1117 pro
1132 1040 1228 1099 lubitu
1248 1043 1391 1114 cuiusvis,
1413 1043 1467 1102 sed

136 1141 353 1200 consuetudine
374 1147 493 1217 recepta
509 1145 539 1198 et
554 1157 611 1197 usu
626 1138 774 1198 sollemni.
810 1137 889 1198 Nam
905 1145 937 1196 ut
950 1139 1102 1198 mittamus
1118 1148 1254 1200 auctores
1270 1140 1423 1202 Cumanos
1437 1153 1468 1202 et
1574 1136 1579 1143 ’

136 1241 369 1318 Neapolitanos,
391 1250 470 1299 certe
492 1239 543 1315 qui
564 1240 644 1316 regis
659 1238 769 1316 Pyrrhi
789 1257 838 1298 res
859 1246 960 1316 gestas
976 1237 1169 1316 Siculumque
1183 1241 1293 1302 bellum
1308 1245 1469 1306 narrabant

139 1341 250 1402 Graeci
275 1342 411 1400 homines
434 1340 541 1400 summi
562 1340 756 1416 magistratus
778 1339 857 1417 apud
878 1340 1032 1400 Romanos
1053 1350 1136 1401 certa
1156 1343 1397 1404 denominatione
1418 1364 1468 1414 ca·

137 1463 204 1501 rere
226 1461 287 1500 non
309 1449 478 1520 potuerunt.
516 1441 581 1500 Iam
602 1442 628 1500 is
651 1442 707 1500 etsi
728 1441 855 1502 testibus
871 1439 1044 1518 Scipionum
1067 1442 1175 1519 elogiis
1195 1445 1263 1520 ipso
1282 1445 1388 1522 quinto
1404 1464 1466 1506 sae

138 1544 208 1602 culo
230 1543 336 1602 consul
358 1542 573 1618 appellabatur,
594 1559 690 1618 neque
712 1542 809 1601 solum
831 1541 887 1601 hoo
901 1543 1158 1624 eiusflvocabulum
1173 1543 1268 1604 fuisse
1282 1563 1379 1621 neque
1393 1547 1468 1605 anti·
1491 1607 1494 1614 ,

138 1645 329 1720 quissimum,
351 1643 404 1701 sed
426 1642 552 1702 eundem
575 1642 735 1718 aliquando
756 1643 816 1702 dici
838 1643 960 1702 solitum
983 1661 1050 1702 esse
1072 1651 1102 1702 et
1121 1653 1228 1720 postea
1248 1663 1367 1722 quoque
1387 1655 1468 1708 recte
1515 1667 1520 1679 ·

138 1745 198 1803 dici
220 1745 357 1821 potuisse
377 1752 545 1822 praetorem
564 1744 729 1802 maximum
743 1743 843 1802 idonei
858 1751 994 1803 auctores
1008 1743 1193 1804 tradiderunt
1215 1745 1312 1820 (Fest.
1328 1767 1356 1806 v.
1371 1749 1468 1806 maxi·

139 1864 221 1904 mum
248 1851 416 1921 praetorem
442 1864 471 1920 p.
491 1844 563 1917 1613
591 1843 658 1903 Liv.
679 1843 708 1916 7,
729 1843 772 1919 3).
816 1842 925 1904 Graeci
950 1843 1056 1904 deinde
1078 1845 1104 1905 si
1125 1847 1296 1920 quaerimus
1318 1847 1468 1923 quomodo

138 1945 292 2005 consulem
322 1946 503 2023 appellarint
528 1945 560 2002 iu
586 1945 804 2020 antiquissimis
831 1963 909 2020 quae
935 1945 1056 2020 quidem
1084 1954 1246 2023 supersunt
1272 1946 1468 2020 documentis,

139 2046 176 2105 T.
199 2045 390 2105 Flamininus
413 2063 475 2105 cos.
503 2065 529 2104 a.
547 2045 606 2105 556
634 2045 741 2104 dicitur
761 2045 793 2103 in
814 2045 944 2122 epistula
965 2046 1060 2122 ipsius
1082 2021 1194 2124 scripta
1216 2049 1254 2106 ad
1275 2046 1468 2125 Cyretienses

138 2146 318 2206 Thessaliae
337 2147 481 2224 populum
507 2144 599 2222 (0.1.
617 2144 671 2206 Gr.
692 2166 723 2204 n.
742 2145 835 2222 1770)
856 2139 1015 2229 στρατηγὸς
1032 2137 1140 2208 ὕπατος
1157 2143 1298 2216 Ῥωμαίων
1319 2131 1469 2210 similiter·

137 2266 197 2325 que
218 2249 249 2306 in
270 2248 357 2306 titulo
383 2247 521 2306 dedicato
543 2247 570 2306 ei
591 2265 611 2322 a
633 2245 852 2324 Gythiensibus
875 2244 924 2322 (O.
942 2247 967 2306 Ι.
985 2244 1037 2306 Gr.
1060 2247 1215 2325 111315),
1236 2250 1295 2310 nisi
1316 2252 1397 2328 quod
1421 2253 1469 2312 hie

138 2366 199 2407 non
220 2347 341 2407 additur
359 2339 509 2416 Ῥωμαίων.
546 2348 658 2407 Eadem
681 2347 883 2424 appellatione
904 2349 1068 2430 στρατηγοῦ
1085 2339 1197 2406 ὑπάτου
1216 2343 1358 2418 ‘Panaima
1380 2353 1471 2413 ufitur

138 2449 333 2526 magistratus
361 2449 388 2508 is
414 2449 465 2524 qui
492 2449 652 2526 epistulam
681 2448 718 2505 ad
747 2447 943 2508 Heracleotae
966 2447 1074 2507 Cariae
1103 2450 1183 2507 dedit
1210 2451 1352 2510 insertam
1381 2462 1411 2511 et
1438 2455 1469 2516 iu

141 2549 176 2610 C.
192 2550 217 2608 1.
233 2547 289 2609 Gr.
312 2571 340 2610 u.
358 2549 439 2608 3800
461 2556 491 2608 et
512 2549 631 2626 plenius
653 2549 685 2608 iu
701 2548 840 2626 syllogeu
853 2547 976 2608 Lebasii
998 2557 1027 2608 et
1042 2550 1269 2626 Waddiugtonii
1283 2552 1331 2610 III
1352 2554 1468 2628 11568,

138 2651 225 2710 cuius
248 2668 428 2727 quamquam
450 2669 560 2710 nomen
581 2650 679 2726 periit,
702 2668 769 2710 eum
790 2649 885 2708 fuisse
900 2648 955 2710 On.
971 2651 1117 2710 Manlium
1130 2650 1294 2710 Volsonem
1316 2655 1470 2714 consulem

139 2750 244 2810 1565
273 2751 433 2810 Henzenus
462 2753 493 2809 in
520 2769 589 2809 ann.
616 2751 686 2808 inst.
712 2749 791 2808 1852
817 2770 847 2827 p.
867 2751 926 2810 140
938 2768 1000 2826 seq.
1027 2752 1221 2828 probabiliter
1247 2755 1375 2814 coniecit
1401 2774 1470 2832 pro-

138 2853 229 2910 bante
243 2853 333 2911 etiam
345 2851 586 2928 Waddingtonio.
621 2849 806 2924 Quibuscum
823 2851 874 2910 ubi
888 2852 1094 2928 componimus
1110 2853 1228 2912 titulum
1243 2855 1375 2914 eiusdem
1390 2865 1470 2915 aeta·

138 2953 188 3026 tis,
211 2972 318 3030 nempe
333 2937 404 3010 anni
419 2952 477 3010 561
502 2949 552 3028 (O.
564 2951 594 3009 Ι.Ι
602 2949 657 3012 Gr.
673 2951 822 3027 113045),
843 2953 875 3012 in
890 2970 949 3028 quo
963 2953 1004 3012 M.
1015 2952 1155 3012 Valerius
1170 2964 1290 3029 praetor
1303 2957 1471 3032 appellatur

140 3045 312 3136 στρατηγός,
333 3053 402 3110 inde
424 3053 601 3130 colligemus
619 3051 752 3116 Graecos
774 3053 805 3112 in
827 3053 1049 3132 magistratibus
1071 3055 1235 3114 maioribus
1252 3056 1397 3116 Romanis
1419 3079 1470 3134 ap-

139 3155 289 3230 pellandis
304 3155 450 3213 vocabula
470 3154 658 3231 expressisse
676 3154 827 3234 praetoris
849 3155 974 3212 maximi
993 3160 1023 3212 et
1036 3156 1195 3231 praetoris,
1217 3174 1278 3214 non
1292 3157 1426 3218 consulis
1441 3167 1471 3218 et

139 3256 297 3333 praetoris,
312 3257 376 3314 sive
390 3255 473 3331 quod
486 3255 621 3314 consulis
637 3255 799 3332 appellatio
814 3255 865 3312 vix
879 3263 979 3329 potest
992 3257 1111 3331 proprie
1124 3253 1240 3314 Graece
1254 3257 1331 3314 verti
1341 3257 1379 3332 ¹),
1395 3258 1469 3330 sive,

140 3356 172 3414 id
192 3357 275 3433 quod
296 3356 394 3433 magis
415 3355 601 3427 crediderim,
624 3355 703 3432 quod
724 3354 920 3413 formularum
943 3352 1128 3414 Graecarum
1149 3357 1235 3431 origo
1256 3356 1412 3416 adscendit
1431 3359 1470 3416 ad

141 3457 172 3516 id
200 3468 336 3534 tempus,
365 3475 425 3532 quo
451 3457 583 3516 consulis
606 3455 767 3534 appellatio
789 3454 921 3530 vulgaris
943 3455 1039 3532 magis
1060 3456 1118 3514 fuit
1138 3473 1229 3530 quam
1250 3457 1414 3518 sollemnis.
1430 3489 1469 3502 --

140 3557 260 3618 Deinde
287 3576 356 3617 cum
383 3557 537 3616 brevitatis
563 3575 667 3630 causa,
693 3566 757 3616 tum
782 3564 815 3613 ut
835 3555 974 3614 consules
995 3563 1208 3632 praetoresque
1231 3559 1341 3616 certius
1364 3559 1470 3618 distin·

141 3668 312 3735 guerentur,
338 3659 368 3716 in
395 3667 531 3734 praetore
558 3658 691 3716 maximo
717 3656 938 3718 substantivum
963 3657 1060 3716 omitti
1085 3665 1221 3734 coeptum
1250 3667 1297 3718 est
1323 3658 1469 3718 adiectivo

142 3761 207 3818 solo
234 3769 360 3818 retento.
404 3758 558 3818 Brevioris
586 3759 651 3818 eius
677 3757 839 3817 locutionis
865 3757 896 3814 in
918 3755 1008 3816 editis
1029 3757 1126 3816 titulis
1147 3775 1207 3816 non
1229 3760 1347 3836 repperi
1369 3777 1469 3819 exem·

141 3860 223 3937 plum
251 3859 405 3936 antiquius
433 3859 586 3936 lapidibus
612 3859 750 3918 miliariis
776 3857 909 3916 consulis
935 3875 962 3914 a.
979 3876 1008 3915 11.
1024 3875 1049 3916 o.
1066 3856 1126 3915 ent
1151 3857 1203 3916 Μ.’
1225 3860 1354 3934 Aquillii
1379 3862 1471 3920 vol.I
1515 3910 1519 3922 .

142 3980 170 4018 11.
187 3947 248 4020 557
267 3983 305 4013 ==
321 3960 379 4032 111,
394 3961 466 4020 479.
481 3961 573 4034 6093,
596 3978 651 4019 neo
672 3959 841 4036 repperisse
863 3976 896 4018 se
918 3957 1038 4032 scripsit
1053 3957 1091 4016 ad
1103 3977 1151 4018 me
1166 3959 1367 4033 peritissimus
1382 3961 1470 4022 buius

143 4062 318 4138 provinciae
339 4061 551 4138 epigraphicae
572 4061 747 4136 explorator
760 4059 981 4134 Dittenberger.
1017 4058 1165 4116 lneditum
1180 4067 1280 4118 autem
1295 4060 1392 4119 adhuc
1406 4061 1471 4138 pul·

142 4163 383 4237 cherrimumque
398 4169 631 4232 mouumentum,
653 4178 714 4236 quo
724 4160 837 4218 'consul
858 4178 885 4218 1.
902 4160 962 4219 584
984 4161 1022 4216 A.
1038 4159 1189 4219 Hostilius
1204 4150 1313 4221 ductor
1327 4161 1404 4220 nude
1419 4179 1472 4238 ap-

142 4263 282 4339 pellatum
309 4263 482 4340 propediem
509 4261 646 4320 ostendet
672 4279 738 4319 eam
764 4259 1008 4325 consuetudinem
1034 4269 1102 4318 ante
1127 4259 1186 4318 iam
1208 4260 1341 4336 coepisse
1362 4261 1432 4319 inde
1454 4281 1473 4320 a

143 4363 265 4422 saeculo
287 4363 370 4422 urbis
393 4370 481 4422 sexto
503 4368 639 4422 exeunte.
654 4393 695 4403 —
718 4359 844 4420 Saeculo
867 4361 993 4436 septimo
1015 4360 1133 4435 plenior
1154 4361 1315 4436 appellatio
1337 4363 1471 4420 rarescit.

143 4462 239 4525 Adest
266 4463 388 4540 quidem
413 4465 444 4522 in
470 4463 559 4522 titulo
581 4461 727 4521 Thebano
753 4459 846 4536 (Keil
873 4461 941 4536 syll.
962 4461 1052 4518 inser.
1075 4459 1179 4518 Boeot.
1206 4479 1235 4539 p.
1254 4461 1312 4536 83)
1339 4461 1472 4520 consulis

143 4563 262 4623 116081
286 4553 434 4642 [Medusae
455 4554 582 4632 Μέμμιος
595 4553 712 4620 Λευκίου
736 4553 928 4644 [r]rpurr,¹yds
948 4551 1074 4638 ὕπατ’-[ος
1093 4552 1249 4638 Ῥωμαίων
1270 4562 1327 4620 τοῖς
1347 4555 1471 4638 &e[oic],

142 4664 214 4721 item
242 4665 275 4723 in
304 4661 407 4724 Samio
436 4683 489 4736 eo,
523 4683 611 4740 quem
640 4680 733 4738 supra
761 4661 933 4734 attulimus,
969 4679 995 4718 a.
1017 4657 1118 4736 019²)
1148 4667 1180 4718 et
1204 4661 1285 4736 apud
1312 4661 1473 4737 Polybium
1557 4695 1560 4702 ·

220 4853 245 4917 ¹)
274 4855 400 4907 Consules
418 4863 518 4907 vertere
542 4843 701 4924 suppodiari
719 4853 861 4917 Dionysius
881 4853 985 4918 quidem
1003 4853 1100 4917 potuit,
1125 4867 1178 4903 uon
1196 4853 1280 4918 potuit
1298 4852 1410 4911 Graecis
1428 4868 1472 4904 au·

144 4954 246 5099 ῃφιεμ’)
274 5037 345 5090 Vide
369 5053 395 5102 p.
416 5037 477 5089 156.
518 5039 574 5103 Ipsi
597 5035 802 5102 Waddiugtouio
826 5039 917 5098 postea
939 5032 984 5095 (ad
1008 5049 1033 5082 n.
1054 5033 1117 5096 568)
1143 5035 1170 5084 in
1196 5041 1308 5086 1111111111
1331 5034 1402 5085 veuit
1425 5049 1472 5099 pro

145 5119 323 5194 &lanariae
346 5113 451 5194 ἥπατος
475 5129 554 5179 etiam
574 5129 626 5194 legi
650 5141 738 5194 posse,
764 5125 834 5191 quod
858 5123 975 5188 supplevi
998 5138 1060 5188 ego,
1084 5113 1237 5194 στ[ρατηγδς
1259 5113 1381 5195 ὗ]πκτος;
1409 5124 1474 5175 illud

148 5224 234 5270 tamen
253 5207 459 5284 supplementum
478 5220 584 5272 retinuit
601 5227 707 5286 propter
726 5232 757 5270 ea
775 5230 840 5282 quae
858 5229 921 5268 mox
940 5213 1130 5266 iudicabuntur.
