3568 6070
281 545 355 618 206
831 555 1060 618 maanvauur

281 736 355 794 nibil
382 735 417 792 dc
442 729 668 808 o[ccuascn]one
692 730 887 799 mandassem,
916 731 998 786 immo
1021 736 1120 788 contra
1143 724 1370 801 laudationem}
1415 724 1617 796 (lucratione

283 838 406 912 nicetam
428 844 479 904 est,
502 842 533 892 ct
554 831 673 908 o[maea]
695 832 731 892 ub
753 833 950 892 occursatione
971 831 1136 888 desisterent
1157 837 1183 886 ct
1196 845 1224 902 q.
1238 845 1262 886 e.

366 936 425 995 His
451 933 626 1011 praemissis
653 951 730 1010 qnae
757 933 793 990 de
820 932 908 991 trium
931 929 1098 992 Galliarum
1125 929 1253 988 concilio
1280 927 1392 987 tradita
1417 934 1500 998 suut,
1528 927 1616 984 brevi

283 1038 524 1114 complectamur.
561 1033 719 1094 Kalendae
734 1035 901 1110 Augustae,
923 1032 1031 1109 quibus
1053 1049 1107 1090 ara
1121 1029 1259 1090 dedicata
1273 1039 1347 1100 erat,
1368 1015 1429 1088 non
1444 1027 1542 1088 solum
1556 1029 1616 1087 sub

286 1138 391 1217 primis
418 1137 664 1214 imperatoribus,
692 1135 745 1197 sed
772 1135 862 1196 etiam
888 1134 976 1194 tertio
1001 1131 1121 1192 saeculo
1148 1130 1228 1208 (Dio
1256 1128 1343 1190 Cass.
1367 1131 1421 1202 54,
1442 1128 1495 1206 32)
1522 1130 1616 1186 trium

285 1237 454 1299 Galliarum
469 1247 618 1298 conventu
634 1247 663 1296 et
678 1238 757 1296 omni
772 1236 909 1296 ludorum
925 1241 1072 1313 apparatu
1086 1233 1227 1312 Lugduni
1240 1232 1474 1302 celebrabantur,
1497 1248 1618 1289 eorum·

285 1359 345 1418 que
367 1339 615 1418 spectaculorum,
638 1357 714 1416 quac
735 1339 777 1397 ibi
799 1338 880 1398 edita
901 1353 970 1396 esse
991 1343 1021 1396 et
1043 1336 1205 1412 scriptores
1227 1342 1256 1393 et
1270 1340 1462 1394 monumenta
1475 1331 1618 1410 produnt,

284 1441 423 1500 ludorum
445 1441 639 1512 scenicorum,
662 1441 850 1512 circensium,
872 1459 1027 1500 munerum
1041 1437 1298 1515 gladiatoriorum‚
1320 1435 1520 1504 venationum,
1542 1452 1618 1492 nau·

284 1543 479 1616 machiarum,
502 1561 563 1602 non
584 1543 738 1603 minimam
759 1549 874 1618 partem
896 1540 934 1600 ad
951 1541 1042 1598 huius
1057 1539 1117 1598 diei
1131 1538 1331 1600 celebritatem
1349 1536 1532 1613 spectavisse
1546 1553 1620 1593 oon-

285 1651 459 1702 sentaueum
481 1651 528 1702 est
549 1642 591 1718 (v.
614 1643 756 1702 Boissieu
778 1661 807 1718 p.
824 1641 975 1718 461sqq.;
997 1641 1127 1700 Ruinart
1144 1640 1222 1700 Acta
1235 1639 1323 1698 Mart.
1346 1659 1375 1716 p.
1392 1636 1509 1714 diam).
1553 1637 1619 1694 Ac-

285 1752 440 1804 cesserunt
461 1745 517 1804 sub
533 1743 672 1821 Caligula
689 1746 842 1804 rhetorum
857 1761 977 1820 quoque
993 1741 1178 1802 Graecorum
1192 1741 1428 1816 Latinorumque
1442 1738 1618 1809 certamina,

288 1846 325 1904 de
348 1845 457 1921 quibus
478 1846 516 1904 cf.
539 1845 621 1906 Suet.
644 1844 709 1904 Cal.
726 1844 780 1916 203
802 1831 927 1906 que-nal
944 1846 971 1918 1,
987 1845 1037 1904 44.
1080 1845 1131 1908 Ad
1151 1845 1229 1902 bano
1251 1842 1468 1902 solemnitatem
1490 1860 1509 1898 a
1529 1858 1620 1898 sexa-

286 1947 371 2024 ginta
396 1955 525 2024 quatuor
551 1947 722 2006 civitatibus
748 1947 840 2025 legati
863 1947 949 2006 missi
976 1953 1046 2006 sunt
1073 1963 1141 2006 cum
1165 1943 1330 2016 mandatis,
1358 1943 1410 2020 qui
1432 1951 1462 2002 et
1481 1942 1514 2000 in
1533 1943 1618 2000 ludis

288 2055 371 2106 certa
391 2047 458 2107 loca
478 2049 627 2108 habebant
648 2049 763 2125 (Boiss.
785 2065 814 2124 p.
831 2046 906 2122 467)
930 2058 959 2106 et
979 2047 1071 2106 finitis
1092 2046 1173 2106 ludis
1189 2045 1348 2104 concilium
1363 2044 1535 2120 provinciae
1550 2061 1622 2101 con·

288 2147 460 2206 stituebant.
496 2149 530 2208 ln
552 2169 680 2226 quorum
702 2168 825 2207 numero
847 2149 927 2224 quod
949 2158 1014 2207 erat
1035 2147 1163 2208 Sennius
1180 2144 1350 2218 Sollemnis,
1373 2164 1461 2222 quem
1483 2145 1621 2204 diximus

289 2249 473 2310 sacerdotem
495 2269 566 2309 aras
586 2251 734 2310 nominari
756 2250 787 2310 iu
809 2268 957 2310 marmore
972 2248 1163 2328 Torignensi‚
1185 2249 1255 2308 inde
1277 2266 1337 2308 non
1353 2248 1491 2320 efficitur,
1513 2264 1621 2305 omnes

286 2349 403 2426 legatos
429 2351 524 2410 luisse
551 2351 733 2410 sacerdotes.
778 2351 888 2422 Immo,
916 2350 1068 2410 siveram
1090 2350 1270 2409 Mommseni
1296 2349 1534 2426 supplementum
1561 2357 1622 2420 est,

288 2451 336 2510 cui
361 2451 415 2510 illa
433 2443 604 2512 'sacerdotis
630 2451 790 2528 appellatio
817 2452 954 2522 debetur,
981 2459 1033 2510 aut
1057 2468 1134 2510 unus
1155 2451 1322 2528 legatorum
1344 2450 1512 2510 sacerdotio
1534 2468 1622 2525 prae·

287 2553 382 2612 luisse
404 2559 457 2612 aut
478 2553 658 2630 legationem
674 2551 847 2630 suscepisse
861 2551 1030 2610 sacerdotio
1045 2563 1250 2610 consummato
1266 2552 1431 2612 credendus
1446 2561 1502 2612 est.
1539 2549 1622 2610 Ocn-

288 2653 350 2712 cilii
379 2671 449 2712 vero
479 2663 542 2712 erat
567 2653 713 2730 primum,
743 2652 832 2711 aedes
860 2670 963 2712 sacras
990 2653 1068 2710 tueri
1095 2661 1124 2710 et
1150 2654 1250 2710 omnia
1276 2661 1358 2712 sarta
1383 2661 1461 2712 tecta
1487 2653 1628 2730 exigerc5

288 2773 355 2812 oum
377 2763 407 2812 et
428 2755 571 2830 templum
594 2763 625 2813 et
646 2762 745 2812 cetera
765 2753 903 2814 aedificia
924 2772 943 2812 a
965 2753 1138 2830 provinciae
1160 2753 1505 2814 civitatibus-exstructa
1519 2763 1623 2814 essent

291 2853 420 2928 (Strabo
447 2856 466 2915 4
495 2875 524 2932 p.
550 2853 642 2930 199),
674 2855 780 2914 deinde
808 2855 947 2916 ludorum
976 2855 1250 2930 sacrificiorumque
1276 2855 1441 2931 impensam
1471 2857 1623 2916 sustinere

293 2973 456 3030 servosque
485 2963 514 3014 et
541 2955 665 3016 libertos
687 2956 790 3032 templi
817 2955 961 3031 (libertum
984 2959 1069 3014 trium
1093 2954 1259 3015 Galliarum
1280 2955 1373 3014 habes
1396 2957 1473 3032 apud
1496 2957 1625 3016 Henzen

290 3076 319 3113 n.
335 3054 431 3132 6393)
459 3057 547 3117 alere.
593 3058 642 3118 Ad
668 3058 747 3116 hunc
772 3057 861 3118 finer'n
889 3058 1053 3118 constituta
1080 3067 1145 3118 erat
1172 3075 1256 3129 arca,
1284 3056 1331 3116 oui
1356 3058 1499 3132 praelecti
1525 3059 1625 3120 luisse

292 3157 432 3216 videntur
459 3157 580 3219 allector
603 3139 769 3220 Galliarum
791 3159 908 3235 (Boiss.
931 3179 961 3237 p.
978 3158 1068 3235 959),
1095 3160 1180 3218 iudae
1204 3177 1291 3218 orcae
1315 3157 1482 3218 Galliarum
1503 3159 1623 3235 (Boias.

290 3277 319 3334 p.
336 3256 407 3318 278.
429 3257 518 3337 279),
546 3264 700 3337 inquisitor
723 3259 888 3320 Galliarum
914 3261 972 3338 (ib.
994 3281 1023 3337 p.
1040 3260 1110 3320 265.
1132 3260 1217 3337 266).
1261 3261 1423 3320 Praeterea
1448 3278 1467 3318 a
1492 3263 1624 3322 concilio

252 3382 253 3386 ¹
290 3367 320 3418 et
341 3361 484 3420 sacerdos
506 3379 576 3422 arae
597 3363 764 3435 creabatur,
785 3363 817 3422 id
839 3363 919 3440 quod
940 3381 1085 3440 apparere
1100 3362 1218 3422 videtur
1239 3381 1255 3420 e
1274 3361 1360 3421 titulo
1372 3361 1484 3420 Licinii
1506 3361 1623 3436 (Boiss.

289 3479 319 3536 p.
336 3461 390 3533 923
413 3463 579 3524 Mommsen
595 3465 709 3524 Annali
727 3465 805 3525 1853
828 3483 857 3540 p.
875 3464 939 3540 60),
962 3463 1025 3540 [qui
1046 3465 1102 3523 duo
1124 3473 1152 3522 ct
1170 3465 1286 3540 adpicti
1307 3463 1411 3538 aaao[s
1432 3472 1519 3521 actua
1541 3483 1623 3524 creo-

290 3562 348 3638 t]us
370 3565 517 3640 sacmd[os
539 3566 606 3642 cst];
629 3575 659 3625 et
677 3568 751 3626 viris
773 3567 809 3626 de
830 3565 985 3642 provincia
1006 3566 1080 3626 bene
1102 3565 1216 3625 meritis
1239 3573 1357 3624 statuae
1378 3565 1624 3639 decernebantur,

290 3681 365 3738 quas
387 3683 491 3724 omnes
513 3668 603 3726 trium
619 3666 788 3728 Galliarum
811 3669 930 3726 nomine
953 3667 1117 3728 collocatas
1132 3668 1260 3744 legimus
1281 3667 1427 3742 (exempli
1440 3685 1465 3726 c.
1482 3685 1510 3724 v.
1527 3665 1626 3727 Orelli

292 3766 384 3824 3650.
406 3767 501 3840 3653;
524 3767 649 3828 Henzen
664 3769 755 3829 5968.
777 3769 867 3829 6944.
889 3768 1001 3846 6950),
1024 3777 1054 3827 et
1074 3769 1166 3848 legati
1188 3769 1382 3828 mittebantur
1403 3767 1442 3826 ad
1462 3768 1626 3845 imperato-

291 3887 364 3940 rem,
386 3869 437 3943 qui
461 3875 513 3926 aut
534 3869 683 3932 desideria
703 3871 876 3949 provinciae
897 3871 1048 3930 deferrent
1069 3879 1121 3930 aut
1141 3870 1308 3947 praesidem
1330 3869 1499 3948 provinciae
1519 3871 1626 3930 lauda·

292 3975 359 4026 rent
380 3969 430 4028 vel
451 3980 633 4044 accusarent.

375 4072 403 4130 8.
441 4071 547 4132 Ateus
563 4073 759 4134 Mammula.
796 4074 917 4134 Titulus
939 4075 1010 4134 anni
1028 4075 1084 4134 181
1101 4093 1131 4150 p.
1148 4072 1219 4134 Chr.
1245 4074 1296 4150 qui
1316 4080 1363 4132 cst
1378 4073 1459 4150 apud
1474 4071 1624 4132 Orellium

291 4194 320 4232 u.
337 4171 418 4233 2214
444 4184 525 4235 recte
549 4174 683 4253 suppleri
705 4176 823 4235 videtur
849 4176 1017 4235 Flauio-
1042 4176 1150 4236 Sabino
1173 4207 1211 4218 -·
1235 4207 1275 4218 -
1298 4174 1394 4234 Ilctro
1409 4177 1480 4252 soro
1501 4174 1628 4235 Iulianas·

292 4274 435 4351 (flamini)
455 4280 622 4351 procinctae
643 4277 764 4353 Alpium
784 4281 1001 4338 maritimarum.

377 4379 404 4436 9.
443 4375 646 4438 Grannum.
690 4379 822 4456 Augusti
844 4387 952 4453 aetate,
973 4398 1034 4456 qua
1053 4379 1182 4438 Romani
1204 4385 1296 4438 totam
1313 4376 1505 4439 Germaniam
1528 4396 1627 4455 usque

293 4477 331 4536 ad
353 4479 453 4536 Albim
482 4499 542 4540 non
569 4480 665 4540 solum
693 4480 845 4542 domuisse
872 4481 925 4540 sed
950 4481 1040 4540 etiam
1066 4481 1097 4540 in
1123 4480 1294 4557 provinciae
1320 4481 1446 4540 formam
1468 4479 1626 4557 redegisse

295 4579 353 4638 sibi
375 4580 562 4654 videbantur,
585 4601 640 4642 ara
659 4581 802 4641 Ubiorum
822 4592 1073 4656 consecrata-est,
1096 4582 1177 4659 apud
1197 4601 1287 4659 quam
1308 4599 1343 4639 eo
1366 4601 1450 4652 anco,
1473 4599 1530 4657 quo
1554 4581 1628 4641 Ger·

294 4683 407 4740 monice
435 4684 589 4755 descivere,
617 4686 753 4744 sacerdos
774 4694 885 4744 erectas
907 4696 949 4745 cst
969 4685 1189 4761 Sepismundua,
1218 4684 1342 4760 Segestis
1357 4682 1438 4758 filice
1464 4680 1627 4744 Characem

242 4835 243 4840 ,
295 4779 384 4854 (Tac.
400 4800 468 4840 ann.
487 4786 513 4855 l,
529 4785 593 4860 57).
628 4786 705 4848 Post
725 4785 842 4844 cladem
855 4786 1019 4846 Varianam
1041 4793 1070 4846 et
1091 4785 1262 4863 provinciae
1283 4783 1365 4844 illius
1383 4783 1540 4844 faciendae
1554 4804 1629 4844 oon·

295 4880 395 4938 silium
422 4881 570 4942 abiectum
595 4895 626 4944 ct
650 4887 748 4947 cultus
773 4888 827 4976 ille
850 4887 1022 4964 provinciae
1047 4887 1177 4948 abolitus
1199 4905 1266 4950 esse
1288 4887 1413 4959 videtur,
1440 4887 1493 4946 sed
1516 4888 1566 4944 vel
1589 4907 1629 4946 ex

295 4981 391 5054 tenui,
418 5000 495 5060 quae
520 4985 584 5045 eius
606 4995 707 5049 exstat
729 4989 809 5067 apud
830 4990 983 5062 Tacitum,
1011 4991 1156 5051 memoria
1177 4991 1207 5050 id
1228 5009 1373 5068 apparere
1394 4989 1497 5061 credo,
1527 5007 1629 5048 sacer·

298 5082 411 5142 dotium
433 5101 503 5145 arae
524 5085 670 5150 Ubiorum
691 5091 785 5152 fuisse
807 5110 947 5152 annuum.
