3654 6072
316 1423 826 1572 ousnsvluonus
865 1459 1339 1573 nrrcnlrmolu.

725 1711 930 1720 ——w

251 1841 254 1846 ’
318 1865 343 1922 1.
387 1863 521 1925 vnsvs
545 1863 747 1926 noenius
770 1867 932 1926 vrrnnl
956 1864 1030 1956 our
1051 1865 1207 1928 Pnruvs
1229 1867 1337 1924 0100.

727 1967 818 2030 (Orelli
839 1969 930 2031 2591.)
1356 1997 1360 2000 ·

245 2089 351 2168 Nuper
370 2091 536 2169 perlegenti
558 2091 630 2149 mihi
652 2091 908 2167 elegantissimum
930 2093 1122 2170 anthologiee
1138 2093 1348 2170 epigraphioae
1363 2091 1491 2153 Latinae

162 2193 316 2269 specimen
341 2193 453 2250 editum
477 2212 496 2251 a
517 2191 702 2252 Buechelero
729 2193 826 2251 denuo
848 2212 882 2252 00
904 2195 1013 2252 obtulit
1034 2213 1153 2252 carmen
1176 2193 1245 2254 Ursi
1267 2195 1404 2270 pilicrepi
1425 2195 1492 2270 pul·-

160 2293 342 2352 uberrimum
371 2294 505 2369 quidem,
532 2302 611 2352 certe
635 2312 691 2370 pro
718 2293 819 2368 poesis
842 2295 1051 2370 epigraphicae
1079 2294 1231 2354 consuetis
1256 2296 1410 2366 sordibus,
1438 2295 1492 2354 sed

160 2412 230 2452 cum
257 2395 296 2452 ab
324 2395 393 2454 aliis
423 2402 485 2454 tum
513 2397 550 2454 ab
578 2395 645 2470 ipso
673 2395 865 2473 anthologiae
893 2396 1045 2454 conditore
1073 2395 1173 2453 futuro
1200 2415 1255 2454 nec
1281 2403 1377 2454 totum
1403 2396 1491 2455 intel·

160 2495 272 2554 lectum
300 2514 355 2554 nec
382 2503 463 2556 recte
489 2497 626 2556 relatum.
677 2496 718 2554 Et
745 2496 874 2572 primum
902 2497 1020 2584 quidem
1044 2491 1178 2568 ‘Verus’,
1208 2497 1411 2556 Buechelerus
1438 2497 1490 2568 011,

159 2593 313 2670 ‘patronus
340 2597 404 2655 0100
431 2597 523 2656 dubio
548 2597 711 2673 imperator
738 2597 846 2656 dicitur
871 2597 908 2656 L.
936 2598 1080 2657 Aurelius
1096 2597 1195 2656 Verus
1221 2597 1490 2668 0001110167,

158 2693 302 2755 ‘mortuus
325 2717 352 2756 a.
371 2697 428 2756 169
455 2698 556 2774 itaque
581 2697 660 2758 intra
681 2699 737 2756 hos
763 2717 859 2758 annos
881 2699 984 2758 titulus
1005 2707 1051 2756 est
1072 2693 1250 2775 inscriptus’.
1294 2699 1336 2756 At
1357 2699 1491 2776 opinioni

159 2797 188 2856 ei
210 2797 377 2856 tralaticiae
397 2806 466 2856 0010
480 2799 585 2874 viginti
600 2815 695 2858 annos
711 2799 897 2875 Borghesius
920 2799 1017 2874 (Bell.
1033 2799 1111 2875 Nep.
1128 2799 1167 2857 N.
1185 2797 1215 2859 S.
1232 2799 1260 2872 2,
1277 2799 1330 2875 44)
1352 2808 1382 2858 01
1396 2817 1491 2875 nuper

159 2897 323 2958 Henzenus
346 2900 441 2976 (Bell.
464 2899 728 2972 0101110011866,
753 2901 824 2976 175)
847 2908 1053 2977 opposuerunt
1074 2902 1203 2977 primum
1223 2899 1383 2976 plerasque
1403 2917 1491 2958 voca·

158 2999 203 3058 les
221 3000 333 3079 longas
355 3001 385 3058 in
407 3001 496 3060 titulo
517 3001 661 3079 distingui
682 3001 828 3078 apicibus,
853 3019 930 3077 quos
952 3020 971 3059 a
992 3001 1087 3059 Marci
1107 3001 1177 3060 inde
1199 3008 1296 3060 aetate
1316 3001 1490 3060 exolescere

159 3101 249 3176 periti
281 3121 343 3160 non
373 3103 525 3180 ignorant3
556 3102 663 3160 deinde
689 3103 859 3178 Augustum
890 3121 1047 3179 perperam
1073 3101 1224 3179 designari
1252 3101 1325 3159 solis
1353 3101 1490 3160 consula·

158 3201 254 3287 tibus3
281 3202 411 3280 denique
432 3202 546 3262 Verum
572 3203 780 3280 imperatorem
807 3221 874 3261 cum
895 3202 978 3262 Urso
1004 3204 1082 3262 male
1103 3203 1243 3278 coniungi
1269 3211 1391 3279 propter
1411 3209 1492 3260 aeta·

159 3309 229 3362 tem.
272 3304 328 3362 Ille
355 3305 434 3364 enim
459 3323 526 3364 curn
554 3305 661 3362 obierit
683 3321 778 3362 annos
800 3311 888 3362 00100
910 3304 1223 3380 duodequadraginta,
1252 3303 1401 3378 quomodo
1423 3321 1491 3361 oum

158 3423 196 3462 00
218 3404 351 3478 homine,
374 3406 427 3481 qui
449 3413 517 3464 0010
539 3413 664 3464 mortem
679 3405 752 3463 Vari
773 3423 892 3462 carmen
914 3405 1104 3464 conscribens
1128 3423 1228 3462 senem
1252 3420 1284 3462 se
1306 3404 1400 3473 dicat,
1426 3404 1491 3480 pila

157 3506 262 3564 ludere
293 3505 409 3583 potuit?
457 3507 660 3584 Reperiuntur
692 3514 789 3564 autem
823 3513 940 3580 praeter
964 3505 1076 3563 Verum
1108 3505 1318 3580 imperatorem
1351 3509 1403 3561 aut
1430 3502 1489 3560 duo

158 3607 217 3665 viri
244 3617 296 3666 001
321 3616 401 3667 certe
429 3625 512 3666 unus.
527 3608 590 3667 eius
613 3607 741 3666 nominis
763 3615 833 3682 post
854 3605 978 3664 Traiani
1000 3613 1127 3664 aetatem
1149 3605 1187 3662 ad
1209 3605 1329 3662 tertium
1351 3604 1490 3662 consula·

158 3717 223 3766 tum
254 3711 364 3782 evecti,
397 3709 536 3768 nimirum
561 3708 628 3784 ipse
655 3708 791 3778 Murcus,
826 3727 886 3782 quo
914 3713 1049 3783 tempore
1073 3705 1286 3764 ¹nominabatur
1310 3706 1351 3764 M.
1381 3705 1489 3764 Aelius

158 3809 303 3867 Aurelius
324 3810 422 3869 Verus
451 3809 582 3881 Caesar,
611 3810 710 3868 100100
739 3825 801 3866 cos.
823 3808 874 3866 ΙΙΙ
901 3808 1019 3879 0161,
1050 3816 1080 3866 01
1106 3825 1180 3866 arus
1207 3806 1272 3866 eius
1300 3807 1342 3864 M.
1370 3805 1488 3867 Annius

158 3909 258 3969 Verus
286 3929 347 3970 cos.
370 3911 418 3968 111
439 3929 466 3970 0.
486 3909 553 3968 126.
600 3911 643 3967 Α1
665 3910 701 3966 de
723 3909 822 3984 priore
844 3927 904 3968 non
924 3917 1004 3968 recte
1025 3908 1151 3984 cogitari
1172 3925 1269 3983 neque
1288 3905 1490 3984 Borghesium

157 4012 237 4088 fugit
261 4020 291 4070 01
312 4030 416 4070 omnes
438 4011 546 4095 opinor
567 4011 762 4069 consentient.
799 4009 878 4070 Nam
900 4029 961 4068 000
984 4010 1082 4069 solum
1104 4028 1140 4068 ea
1160 4009 1239 4086 ipsa,
1261 4027 1337 4084 quae
1359 4008 1391 4065 in
1407 4006 1488 4066 Vero

157 4131 219 4172 cos.
243 4113 342 4171 0167
366 4112 530 4185 offendunt,
552 4112 601 4169 hic
622 4129 742 4188 quoque
764 4111 902 4170 similitor
915 4111 1050 4181 redeunt,
1073 4110 1126 4169 sed
1141 4119 1297 4186 praeterea
1309 4108 1489 4166 includimur

157 4215 202 4273 ita
221 4214 253 4272 in
274 4213 430 4290 angustias
451 4213 513 4270 fere
534 4212 701 4270 bimestres.
739 4213 815 4271 Plus
837 4213 916 4271 enirn
936 4212 1081 4287 temporis
1096 4229 1156 4270 non
1170 4209 1305 4268 interfuit
1318 4211 1395 4268 inter
1409 4209 1487 4266 Mar·

158 4334 226 4375 cum
248 4315 401 4374 consulem
422 4315 535 4372 factum
557 4313 676 4372 tertium
700 4321 730 4370 01
750 4313 960 4388 imperatorem
983 4313 1103 4372 nomine
1117 4311 1191 4368 Veri
1213 4311 1345 4380 abiecto,
1373 4309 1401 4366 si
1420 4309 1488 4383 qui·

157 4418 226 4478 dem
241 4435 381 4492 umquam
393 4435 462 4474 vere
476 4415 507 4472 id
521 4415 640 4484 habuit3
656 4433 724 4472 nam
741 4416 854 4490 optima
868 4431 1004 4490 quaeque
1018 4432 1121 4472 eorum
1137 4430 1281 4471 annorum
1295 4415 1488 4468 monumenta

158 4519 227 4578 sola
247 4519 371 4578 nomine
389 4517 430 4575 M.
451 4516 531 4574 Aelii
551 4515 668 4573 Aurelii
688 4513 829 4574 Caesaris
852 4515 1016 4572 enuntient.
1058 4515 1123 4572 Iam
1146 4511 1198 4588 qni
1219 4509 1304 4569 00100
1326 4510 1357 4568 10
1378 4499 1488 4568 000000

156 4629 293 4680 remanet
313 4619 353 4677 M.
377 4617 496 4676 Annius
512 4615 611 4674 Verus
634 4633 694 4674 cos.
716 4615 767 4674 ΙΙΙ
789 4613 889 4674 0126
912 4615 962 4690 (01.
986 4615 1022 4671 de
1043 4634 1079 4672 00
1101 4612 1288 4686 Borghesius
1310 4612 1342 4669 in
1360 4628 1433 4685 opp.
1457 4610 1486 4681 5,

157 4698 218 4780 352
231 4719 309 4796 seq.)
332 4739 393 4778 non
413 4719 472 4777 hoo
494 4725 608 4776 tanturn
630 4717 750 4775 nomine
772 4717 869 4774 locum
893 4735 980 4774 suum
1002 4721 1095 4786 tenet,
1117 4713 1199 4788 quod
1221 4712 1303 4770 solus
1328 4711 1411 4786 petit,
1433 4709 1487 4768 sed

156 4823 247 4880 etiam
267 4827 356 4897 aptus
378 4828 425 4878 est
446 4827 569 4896 propter
590 4825 727 4877 aetatem.
763 4816 852 4886 Nam,
875 4823 907 4874 ut
928 4816 1038 4892 optime
1053 4815 1167 4872 monuit
1181 4813 1377 4889 Borghesius,
1387 4809 1486 4868 Verus

156 4925 184 4982 is
210 4922 263 4999 qui
289 4940 375 4980 socer
395 4921 453 4986 fuit
477 4921 547 4994 imp.
569 4919 633 4991 Pii,
661 4936 738 4976 avus
761 4918 831 4992 imp.
854 4917 963 4986 Marci,
988 4917 1020 4974 10
1043 4922 1178 4973 senatum
1200 4914 1334 4972 adlectus
1356 4932 1381 4970 c.
1402 4931 1429 4970 a.
1446 4909 1485 4970 'lb

157 5023 234 5100 (vita
250 5022 344 5082 Marci
366 5041 391 5079 c.
410 5023 451 5096 1),
474 5020 589 5092 0116,
612 5038 671 5095 quo
692 5019 812 5077 tertium
834 5019 933 5076 fasces
957 5018 1095 5092 suscepit,
1116 5016 1305 5092 grandaevus
1326 5013 1497 5072 admodum¹

155 5125 224 5196 1011,
252 5125 285 5182 id
311 5122 393 5198 quod
419 5123 596 5182 confirment
622 5139 697 5196 quae
722 5127 881 5177 narrantur
906 5119 937 5175 in
965 5119 1027 5175 vita
1047 5117 1096 5175 Pii
1118 5135 1143 5174 c.
1160 5116 1193 5186 4;
1220 5133 1345 5189 eumque
1372 5114 1398 5172 si
1425 5112 1486 5171 col—

155 5227 239 5286 lusor
266 5225 429 5302 pilicrepus
455 5231 526 5298 post
554 5221 673 5281 tertium
701 5219 889 5280 consulatum
917 5219 1094 5290 celebravit,
1128 5218 1154 5276 10
1182 5224 1213 5276 01
1238 5217 1304 5294 ipse
1331 5233 1424 5302 senex
1450 5228 1486 5272 00
