3654 6072
157 619 285 669 roa-ros
593 619 729 670 vonrv
746 621 1049 674 ronrnrlussvu.
1437 611 1483 683 53

156 717 1486 742 mmm

155 786 204 846 De
224 787 319 846 Petra
343 789 363 846 l.
387 789 440 864 o),
468 797 559 848 totam
586 791 695 848 aerarii
720 811 822 850 curam
848 791 978 852 delatam
1006 795 1101 853 fuisse
1129 796 1168 854 ad
1195 795 1309 856 Ilviros
1336 800 1355 856 i.
1378 800 1407 859 d.
1435 801 1485 860 vel

157 887 231 945 adeo
260 889 298 946 ad
324 908 426 947 eorum
452 891 579 948 alterum
606 899 720 964 utrum;
747 911 816 950 nam
842 894 933 952 iniis
956 913 1075 970 quoqne
1097 897 1266 973 municipiis
1289 898 1484 976 coloniisque,

156 988 187 1046 in
209 989 320 1064 quibus
343 999 505 1065 quaestura
525 993 655 1062 extabat,
678 1011 794 1051 summa
815 1003 914 1052 tamen
936 996 1044 1054 aerarii
1066 1015 1137 1054 cura
1158 999 1327 1074 pertinebat
1347 1001 1385 1058 ad
1406 1001 1485 1060 IIvi-

155 1107 206 1148 ros
234 1090 255 1147 i.
283 1091 330 1162 6.,
358 1108 484 1166 quorum
513 1099 578 1167 erat
604 1094 761 1170 pecuniam
787 1113 973 1154 communem
1001 1098 1183 1173 erogandam
1211 1098 1388 1172 decernere,
1416 1121 1484 1172 oum

155 1199 330 1264 quaestores
355 1193 453 1268 ipsam
479 1200 650 1252 tractarent.
694 1192 740 1252 cf.
767 1195 936 1254 Mommsen
963 1197 1142 1258 Stadtreclrtc
1168 1217 1223 1256 oon
1245 1195 1328 1276 Salp.
1356 1222 1384 1259 n.
1406 1203 1482 1262 Mol.

155 1311 184 1367 p.
200 1290 271 1350 420.
288 1293 358 1352 445.
374 1294 445 1352 451.

154 1497 222 1558 164
241 1499 353 1558 ibidem
375 1501 452 1558 inter
473 1501 572 1560 aditus
594 1509 734 1579 quartum
757 1513 786 1562 et
807 1504 953 1579 quintum.

657 1631 982 1700 CASELLIVM)

653 1737 982 1799 PYRAMVS·ROG

153 1871 178 1928 Ι.
202 1870 239 1929 de
261 1871 354 1930 Petra
378 1871 517 1934 oromate
537 1875 570 1932 11
592 1873 702 1950 (1871)
723 1894 753 1952 p.
772 1875 829 1933 163
852 1873 953 1948 11.24;
979 1877 1017 1935 Α.
1041 1875 1289 1956 Trendelenburg
1309 1879 1392 1938 Ball.
1413 1879 1482 1938 dell'

154 1973 226 2030 loct.
253 1973 329 2030 1871
353 1994 383 2050 p.
402 1973 470 2033 176.

195 2071 243 2132 cf.
268 2091 359 2150 supra
380 2095 410 2132 n.
428 2075 497 2134 151.

152 2277 216 2338 tot
245 2281 276 2338 in
302 2281 419 2340 insulae
439 2281 468 2340 A
494 2271 579 2341 muro
606 2283 795 2342 meridionali
820 2304 915 2362 prope
941 2286 1083 2362 angulum
1106 2288 1162 2362 qui'
1180 2288 1258 2345 inter
1279 2286 1431 2346 meridiem
1454 2294 1483 2345 et

195 2380 380 2440 occidentem
403 2392 526 2458 spectat.

478 2519 1163 2602 sussultans-anons

152 2653 178 2709 I.
200 2652 237 2710 de
259 2653 352 2710 Petra
377 2652 515 2712 Gioroals
535 2655 569 2714 II
590 2654 701 2732 (1871)
723 2676 752 2732 p.
772 2655 831 2714 164
852 2677 881 2714 n.
899 2655 948 2713 27.

193 2753 226 2811 Is
256 2753 431 2818 candidatus
456 2756 555 2830 prima
579 2757 636 2814 hac
660 2757 855 2832 inscriptione
876 2765 1067 2815 memoratur.
1111 2756 1177 2816 Nec
1198 2757 1297 2816 minus
1319 2759 1484 2835 singularia

152 2862 222 2913 aunt
242 2855 295 2913 AF.
318 2875 373 2932 pro
395 2851 437 2913 R)
459 2857 506 2915 vel
528 2856 611 2914 ΑΕΒ
633 2857 682 2914 vel
704 2857 886 2916 AEDILEM
911 2867 941 2916 et
963 2857 994 2917 0
1008 2879 1015 2895 ·
1028 2859 1123 2923 nats
1144 2877 1199 2936 pro
1221 2877 1272 2917 oro
1293 2878 1343 2917 voa
1358 2863 1482 2935 sociatis

153 2957 274 3030 scripta.
313 2953 445 3029 Quorum
468 2957 605 3016 ultimum
618 2958 655 3022 lE
675 2957 836 3016 videndum
856 2968 904 3018 est
925 2979 962 3017 ne
983 2979 1043 3018 non
1065 2947 1284 3036 explicandum¹
1299 2960 1340 3018 sit
1360 2979 1410 3019 oca
1432 2961 1483 3020 eli·

150 3060 228 3131 potis
251 3057 301 3132 (id
322 3057 400 3115 enirn
422 3059 514 3116 Petra
535 3059 715 3134 proposuit),
738 3061 791 3118 sed
811 3059 904 3118 invito
926 3059 1071 3136 scriptore
1092 3079 1147 3136 pro
1168 3061 1206 3119 w
1226 3061 1338 3120 factum
1360 3061 1408 3119 sit.

371 3357 431 3416 AD
452 3355 783 3418 INSORIPTIONES
807 3357 1000 3418 GRAPHIO
1023 3356 1264 3418 EXARATAS.

152 3511 219 3570 166
241 3512 294 3589 (ad
314 3513 370 3584 IV,
391 3513 495 3589 3303).
539 3513 723 3590 Principium
752 3531 858 3572 versus
873 3513 1041 3589 Vergiliani
1067 3513 1120 3588 (A.
1142 3514 1170 3584 Ι,
1193 3512 1268 3587 234)
1294 3532 1355 3571 non
1377 3513 1480 3572 HINC

195 3612 328 3672 CERTE
351 3612 568 3673 ROMANOS
592 3614 639 3690 (ut
664 3615 782 3672 Barone
808 3613 947 3673 Gioroale
967 3615 982 3671 I
1003 3632 1033 3688 p.
1050 3613 1107 3671 281
1133 3613 1299 3689 ediderat),
1328 3613 1381 3671 sed
1401 3624 1482 3673 recte

194 3716 340 3790 scriptum
366 3725 426 3774 est:
460 3713 591 3774 CERTE
614 3714 718 3773 HINC
741 3713 968 3775 ROMANOS.
1013 3712 1153 3773 Correxit
1175 3715 1213 3773 A.
1236 3713 1483 3794 Trcndelsnburg

193 3817 276 3875 Ball.
299 3815 365 3875 dell'
388 3817 459 3874 Ioat.
486 3815 562 3875 1871
586 3835 615 3892 p.
634 3817 703 3888 179,
729 3817 780 3893 qni
802 3818 839 3875 de
861 3817 967 3875 ultimo
989 3816 1070 3894 quod
1091 3813 1251 3874 ANNlVS
1274 3815 1413 3874 traditum
1437 3826 1483 3876 est

193 3917 270 3976 nihil
290 3917 423 3976 adnotat.

154 4124 220 4184 167
248 4126 280 4184 in
307 4125 423 4184 insulae
444 4123 474 4181 B
502 4144 586 4184 muro
612 4125 789 4184 occidentali
816 4125 855 4184 ad
881 4125 1035 4184 sinistram
1056 4124 1158 4207 ¹'quinti
1184 4123 1283 4184 aditus
1307 4126 1436 4184 venienti
1463 4145 1482 4182 a

193 4227 328 4290 meridie·
609 4261 666 4318 rv
689 4260 766 4334 Qu
787 4259 1026 4320 usurcnrns

151 4399 175 4456 I.
199 4399 236 4458 de
257 4397 351 4456 Petra
375 4395 513 4456 Gioroulc
534 4397 567 4455 ΙΙ
589 4395 699 4473 (1871)
721 4417 750 4473 p.
769 4396 828 4454 164
850 4417 878 4454 n.
896 4396 946 4454 34.

194 4499 337 4558 Fortasse
359 4499 521 4557 tetrametri
543 4497 684 4557 trochaici
705 4498 822 4556 initium
843 4504 899 4556 est.

151 4705 216 4764 168
232 4706 285 4781 (=
301 4705 355 4776 IV,
370 4705 472 4781 1860).
510 4703 757 4782 Supplementum
778 4663 878 4780 magis
896 4705 1003 4780 opinor
1025 4713 1178 4777 acceptum
1201 4721 1289 4778 qnam
1310 4703 1376 4777 hoc,
1399 4705 1480 4782 quod

193 4807 372 4866 effossiones
399 4807 589 4881 nuperrimae
615 4805 816 4885 protulerunt,
843 4804 966 4864 debetur
989 4805 1045 4863 viri
1067 4803 1161 4880 Angli
1189 4821 1279 4880 saepe
1305 4804 1391 4862 nobis
1416 4805 1480 4863 lau-

193 4909 282 4968 datae
306 4907 486 4977 industriae,
512 4925 602 4982 quam
625 4925 703 4966 anno
721 4906 799 4964 1832
827 4907 857 4963 in
879 4905 926 4964 his
948 4905 1193 4980 inscriptionibus
1215 4905 1382 4965 collocavit.
1423 4907 1481 4966 Est

193 5019 294 5068 autem
315 5008 506 5086 huiusmodi:v

259 5141 370 5219 Qlot
393 5142 547 5202 SCRIPSI
570 5143 700 5204 SEMEL
723 5142 772 5202 ΕἚ
794 5142 916 5202 LEGIT
938 5141 1028 5200 ΜΕΑ
1050 5141 1145 5200 IVRE
1168 5141 1376 5202 PVELLAST

323 5243 441 5319 QAE
461 5244 645 5304 PRETlVM
667 5243 780 5305 D1x1T
803 5243 901 5304 NON
923 5243 1013 5304 ΜΕΑ
1036 5242 1111 5302 SED
1133 5241 1281 5311 POPVLI
1303 5241 1378 5303 EST
1424 5321 1425 5325 Ἰ
