3568 6070
340 611 412 684 148
908 623 1092 679 normann
1416 685 1420 692 ,

340 715 1648 743 Μ’...-

337 807 422 875 vent3
443 802 534 860 immo
556 799 649 858 simili
669 796 800 870 licentia,
822 796 942 874 qualem
960 795 991 866 iu
1005 795 1204 874 primogenito
1218 793 1282 852 filio
1297 757 1556 870 deprehendimus,
1567 800 1649 869 ‚pater

332 904 367 962 'ei
397 900 586 962 Scriboniani
617 917 782 978 cognomen
811 897 959 957 indidisse
986 895 1104 957 videtur
1132 894 1172 954 ad
1199 901 1364 954 maternam
1394 893 1537 970 originem
1565 893 1652 952 deols-

339 1003 474 1062 randam.
816 1001 821 1008 '
972 1067 975 1074 ,

424 1103 453 1160 4.
495 1100 535 1159 L.
549 1101 620 1158 Piso
633 1100 729 1175 Frugi
743 1098 916 1160 Licinianos
926 1097 956 1176 ²)
977 1098 1059 1175 quod
1079 1096 1263 1174 gentilicium
1284 1096 1432 1168 habuerit,
1454 1101 1608 1172 antequam
1621 1094 1654 1152 ab

230 1273 232 1280 .
299 1247 302 1256 .
340 1205 520 1281 imperatore
542 1199 642 1260 Galba
662 1199 821 1276 adoptatus
843 1208 903 1271 est,
925 1217 985 1257 non
1005 1198 1147 1269 traditum
1172 1197 1348 1258 crediderim
1370 1205 1470 1256 tamen
1490 1196 1576 1274 plene
1595 1214 1653 1253 eum
1762 1177 1763 1190 ¹

342 1303 525 1381 appellatum
546 1319 614 1372 esse
634 1299 673 1358 L.
699 1301 887 1376 Culpamiam
907 1299 1039 1360 Ρίεοπεηι
1061 1299 1371 1375 moysiacensem,
1392 1317 1454 1361 non
1475 1297 1556 1372 quod
1575 1297 1655 1371 adop·

344 1404 426 1464 tione
452 1423 492 1461 ex
512 1401 631 1460 Licinia
652 1402 741 1460 domo
761 1399 793 1458 in
815 1397 1011 1478 Calpurniam
1032 1399 1199 1472 transierit,
1227 1418 1305 1476 qnae
1326 1407 1373 1458 est
1393 1398 1497 1474 opinio
1518 1397 1601 1456 bodie
1618 1415 1656 1454 re·
1763 1451 1764 1484 3

331 1511 447 1582 cepta,
475 1501 653 1586 sedendam
674 1501 729 1560 illa
748 1501 842 1580 patria
864 1501 896 1560 in
917 1501 1087 1561 nominibus
1108 1500 1296 1578 imponendis
1318 1499 1453 1577 gloriosa
1474 1497 1604 1572 licentia,
1626 1497 1656 1556 dc

345 1622 406 1680 qua
437 1621 529 1682 supra
560 1602 701 1666 diximus,
749 1599 831 1661 Nam
861 1602 990 1678 primum
1018 1602 1137 1662 cninmn
1165 1600 1274 1661 Pisoni
1302 1599 1396 1677 Frugi
1422 1601 1455 1658 in
1482 1599 1657 1676 adoptionem

346 1703 413 1762 dari
437 1703 581 1780 potuerit,
608 1709 722 1761 tantum
750 1703 850 1775 abest,
878 1710 912 1761 ut
936 1702 1135 1786 demonstrari
1161 1701 1274 1779 possit,
1302 1709 1337 1759 ut
1362 1720 1428 1760 eam
1455 1699 1576 1777 stirpem
1595 1700 1658 1758 satis
1764 1733 1765 1736 =

346 1810 465 1864 constet
489 1804 674 1880 aliquantum
700 1812 788 1862 antea
812 1803 927 1862 finiisse
951 1805 984 1862 in
1008 1803 1086 1880 ipsis
1112 1802 1239 1862 Liciniis
1261 1800 1392 1862 Crassis.
1412 1799 1554 1862 'Deinde
1577 1799 1659 1858 credi·

346 1905 407 1963 bile
432 1913 478 1964 est
498 1903 638 1963 Tacitum
663 1903 852 1982 adoptionem
879 1905 942 1963 eius
969 1904 1001 1963 in
1027 1909 1145 1980 gentem
1172 1901 1336 1980 Sulpiciam
1357 1902 1538 1961 referentem
1554 1920 1659 1978 praece-

348 2005 436 2064 dente
462 2005 558 2072 altera
583 2023 649 2064 eam
674 2023 735 2062 non
762 2004 880 2064 silentio
905 2004 1135 2081 praeteriturum
1155 2004 1261 2077 fuisse.
1304 2003 1444 2081 Denique
1466 2013 1500 2062 ut
1519 2003 1579 2062 filio
1598 2010 1658 2060 natu

348 2105 480 2164 maximo
500 2093 587 2182 pater
606 2106 715 2165 indidit
735 2106 858 2164 nomina
878 2105 985 2182 proavi
1005 2105 1132 2164 materni
1153 2103 1209 2166 On.
1231 2105 1370 2182 Pompeii
1390 2104 1510 2183 Magni,
1534 2104 1576 2162 ita
1594 2105 1661 2162 huuc
1765 2113 1766 2154 1

349 2212 422 2264 natu
444 2206 598 2288 minimum
620 2207 773 2284 appellare
793 2206 891 2284 potuit
911 2195 1081 2265 nominibus
1104 2207 1153 2266 avi
1173 2206 1291 2285 paterni
1305 2205 1453 2264 naturalis
1467 2204 1504 2263 L.
1521 2203 1661 2282 Calpurnii

260 2379 262 2382 Ι
349 2306 471 2364 Pisonis
493 2306 601 2383 Frugi,
628 2305 699 2366 item
727 2315 761 2365 ut
788 2307 877 2366 tertio
903 2307 965 2365 filio
992 2325 1011 2364 a
1035 2316 1171 2366 materna
1197 2314 1286 2384 gente
1308 2304 1515 2377 Scriboniani,
1543 2305 1584 2364 ita
1605 2305 1662 2363 huic

350 2426 369 2464 a
394 2424 449 2466 sua
473 2407 582 2467 addere
608 2399 773 2486 cognomen
793 2407 953 2482 Liciniani.
974 2439 1013 2450 -
1043 2406 1143 2468 Natus
1164 2408 1239 2468 Piso
1262 2427 1290 2466 a.
1307 2407 1345 2467 38
1368 2405 1464 2482 (Tac.
1486 2407 1556 2466 hist.
1579 2406 1663 2483 1,48)

350 2525 370 2564 a
391 2505 491 2567 Galba
518 2509 646 2586 primum
671 2516 851 2568 testamento
877 2509 909 2568 in
935 2510 1015 2568 bona
1040 2517 1071 2568 et
1096 2527 1205 2568 nomen
1226 2509 1358 2568 adscitus
1381 2505 1485 2589 (Suet.
1502 2506 1589 2568 Galb.
1610 2507 1662 2582 17),
1766 2519 1767 2544 ³

351 2607 458 2666 deinde
488 2627 515 2667 a.
539 2609 577 2668 69
608 2611 686 2670 inter
712 2610 798 2668 vivos
830 2610 989 2687 adoptatus
1015 2610 1173 2686 factusque
1199 2609 1243 2668 ita
1269 2607 1333 2670 Ser.
1362 2607 1514 2685 Sulpicius
1540 2606 1663 2684 Galbsl)

350 2715 421 2784 post
440 2726 553 2784 paucos
576 2709 640 2770 dies
662 2726 728 2769 oum
750 2718 834 2786 patre
855 2711 996 2787 adoptivo
1015 2712 1113 2787 periit.
1149 2710 1285 2771 Uxorem
1299 2710 1404 2770 habuit
1417 2709 1580 2770 Veraniam
1601 2709 1663 2784 (Ta-

351 2808 428 2866 citus
449 2809 520 2868 hist.
543 2809 573 2883 2,
588 2811 628 2868 47
635 2831 643 2882 ς
665 2810 746 2870 Plut.
763 2808 855 2869 Galb.
871 2811 924 2883 ts;
946 2811 1027 2872 Plin.
1048 2831 1095 2889 ep.
1112 2809 1140 2885 2,
1157 2811 1207 2885 20,
1223 2810 1274 2888 2);Ι
1293 2811 1374 2870 tilios
1395 2830 1469 2871 num
1490 2817 1561 2890 post
1579 2829 1609 2870 se
1627 2829 1663 2868 re-

351 2908 482 2984 liquerit,
504 2910 668 2986 ignoratur.

284 3061 287 3069 .
437 3009 464 3068 5.
508 3009 626 3070 licimo
647 3012 760 3088 Magoa
785 3013 865 3072 tituli
890 3015 998 3090 urbani
1023 3015 1174 3074 notissimi
1201 3015 1273 3074 editi
1299 3024 1329 3074 et
1353 3013 1428 3072 alibi
1455 3013 1581 3090 (Marini
1599 3014 1663 3074 Aru.

352 3127 383 3185 p.
401 3108 454 3181 133
483 3109 577 3169 Orell.
595 3112 669 3188 697)
692 3122 722 3172 et
742 3115 821 3189 apud
842 3114 1041 3174 Ritschelium
1064 3116 1195 3193 (priscae
1215 3115 1283 3190 Lat
1305 3134 1385 3174 mon.
1407 3115 1471 3174 tab.
1488 3114 1550 3174 89b
1570 3114 1666 3173 collata

353 3211 489 3270 eiusdem
515 3214 704 3298 enarratione
730 3235 760 3292 p.
779 3215 849 3292 78):
883 3219 929 3276 dia
956 3218 1085 3302 monibus
1112 3216 1260 3288 Liciniae,
1295 3217 1395 3277 Crassi
1423 3217 1518 3293 Fropa'
1540 3216 1666 3292 poatjio‘s

347 3309 480 3388 s(ilioe)‚
503 3311 645 3390 Magnae,
667 3314 707 3373 L.
730 3317 844 3376 Pisonis
862 3319 1005 3394 pontificis
1027 3317 1170 3394 ator(ia)‚
1192 3337 1253 3377 non
1274 3327 1354 3378 recte
1376 3317 1508 3376 creditur
1528 3317 1588 3376 lilia
1606 3333 1665 3381 oon·

355 3410 430 3470 solis
453 3431 479 3470 a.
495 3411 611 3492 740³),
639 3435 707 3475 cum
732 3436 828 3494 neque
850 3418 942 3496 Frugi
962 3409 1129 3498 cognomen
1150 3419 1221 3478 huic
1241 3437 1370 3496 usquam
1390 3419 1542 3478 tribuatur
1561 3405 1666 3492 et'cog-
1767 3465 1769 3474 .

354 3511 462 3580 n'omen
488 3535 507 3573 a
527 3515 673 3593 Pompeia
698 3520 792 3595 stirpe
818 3520 940 3578 ductum
967 3538 1027 3578 non
1052 3515 1133 3578 tiliae
1160 3521 1225 3580 eius
1251 3521 1426 3591 conveniat,
1451 3520 1506 3580 sed
1529 3520 1606 3595 nepti
1625 3517 1667 3576 de·

354 3633 435 3671 mum
462 3617 626 3689 elearco
651 3619 713 3678 filio
738 3620 845 3678 marito
868 3618 1041 3680 Scribonios
1061 3622 1215 3698 proneptis
1237 3621 1375 3698 Pompeii
1395 3620 1550 3698 Magnis).
1589 3619 1666 3680 Mari·

356 3721 418 3771 tum
445 3713 482 3772 1..
508 3716 650 3778 Pisonem
676 3719 846 3796 pontificem
871 3721 928 3780 viri
957 3721 1036 3780 docti
1065 3721 1163 3780 adhuc
1188 3722 1402 3782 intellexerunt
1428 3723 1583 3782 consulem
1607 3718 1667 3778 anni

356 3833 386 3870 u.
401 3833 426 3872 c.
443 3813 503 3874 739
513 3813 558 3892 ⁵),
584 3827 743 3896 propterea
770 3821 851 3898 quod
872 3829 933 3881 tam
954 3823 1034 3900 apud
1056 3822 1194 3882 Tacitum
1216 3822 1299 3899 (ann.
1320 3823 1420 3900 6,10)
1442 3819 1534 3900 quam
1554 3823 1584 3882 in
1603 3821 1667 3881 actis

356 3956 561 3971 —nn———a-

434 4061 458 4125 ¹)
487 4062 549 4114 Piso
567 4063 653 4133 Frugi
668 4065 834 4124 Licinianos:
859 4059 930 4123 Suet.
949 4070 1025 4122 Galb.
1046 4073 1101 4122 17.’
1126 4070 1188 4122 Piso
1207 4069 1371 4122 Licinianus:
1395 4071 1501 4122 Tacitus
1520 4071 1577 4120 hist.
1596 4072 1617 4130 1,
1632 4069 1666 4116 14.

357 4151 435 4203 Piso:
457 4154 527 4204 Plut.
546 4155 622 4208 Galb.
638 4159 685 4221 23;
704 4160 773 4210 Plin.
792 4176 833 4225 ep.
852 4163 877 4223 2,
893 4163 936 4224 20,
952 4164 977 4212 2.
1014 4159 1047 4211 L.
1066 4159 1203 4213 Li......·
1227 4169 1276 4213 aot
1295 4163 1361 4212 Arv.
1381 4177 1405 4212 a.
1419 4162 1453 4212 69
1474 4159 1587 4223 (Bullett.
1607 4159 1667 4209 1869

357 4260 383 4307 p.
395 4245 449 4306 73),
468 4247 513 4295 ubi
531 4263 589 4297 cum
607 4255 712 4314 propter
730 4253 807 4315 spatii
823 4253 955 4316 'angustias
974 4268 1021 4303 sex
1039 4259 1169 4318 septemve
1188 4259 1286 4303 tantum
1304 4254 1447 4304 litterarum
1465 4229 1565 4318 capacis
1581 4250 1668 4314 supple·

358 4342 480 4398 mentum,
501 4338 534 4386 de
552 4325 603 4404 qno
622 4341 771 4404 cogitaram,
790 4340 823 4393 L.
842 4341 943 4405 Laiaioi
958 4341 1072 4407 Pisonis]
1092 4345 1193 4394 admitti
1211 4351 1322 4409 nequeat
1340 4343 1403 4416 (vidi
1421 4343 1492 4394 enim
1510 4344 1563 4394 eius
1581 4341 1669 4391 tabulae

358 4427 501 4490 ectypnm),
520 4429 708 4482 subsistendum
727 4439 766 4482 est
783 4434 811 4484 in
829 4448 860 4483 eo
881 4435 949 4499 quod
967 4435 1102 4499 proposuit
1118 4435 1268 4486 Henzenns:
1292 4432 1326 4486 L.
1345 4432 1509 4498 Liciniam}
1530 4445 1667 4499 quamquam

359 4516 452 4567 mirum
471 4525 510 4569 est
528 4521 560 4570 ab
580 4521 707 4572 eiusmodi
725 4525 789 4574 actis
807 4509 964 4588 gentilicium
982 4541 1077 4576 nomen
1095 4526 1192 4576 abesse.

435 4606 460 4670 ²)
487 4595 557 4660 Acta
574 4613 664 4663 Arval.
683 4615 701 4663 1.
715 4630 753 4663 a.-
773 4611 836 4680 [pro
855 4615 1001 4682 adJ0ptione
1020 4613 1089 4678 [Sar.
1108 4614 1220 4683 Sulpicia*
1239 4609 1360 4679 GuIJbaa'
1371 4613 1527 4678 omaro}

334 4761 337 4766 ,
436 4695 461 4759 ¹)
489 4699 563 4760 Quae
581 4709 619 4752 ost
637 4704 726 4768 opinio
738 4705 891 4770 Nipperdeii
908 4707 942 4757 ad
959 4707 1044 4758 Taciti
1062 4701 1122 4758 ann.
1136 4690 1217 4769 o,'10‚
1236 4721 1320 4771 neque
1337 4707 1414 4770 longe
1431 4703 1541 4756 discedit
1557 4699 1671 4754 Marma

362 4787 426 4855 ᾼτι.
444 4803 470 4851 p.
486 4790 529 4838 13.
565 4793 622 4872 Viri
647 4795 716 4845 docti
738 4797 896 4861 antiquiores
914 4797 946 4848 ab
965 4798 1015 4848 hoc
1033 4799 1104 4854 citati
1121 4797 1200 4849 modo
1219 4797 1335 4869 consulis¹
1349 4812 1374 4847 a.
1388 4797 1424 4848 64
1442 4797 1522 4846 tiliam
1541 4808 1595 4844 eam
1611 4790 1668 4840 iudi·

364 4883 492 4940 caverunt,
511 4881 598 4943 modo,
619 4890 643 4932 et
654 4891 729 4936 recte
748 4887 859 4954 quidem,
879 4894 907 4938 ut
925 4903 984 4938 mea
1001 4889 1052 4938 fert
1069 4889 1168 4953 opinio,
1188 4889 1301 4939 consulis
1318 4902 1343 4938 a.
1357 4889 1401 4938 27.

425 4965 464 5029 ’4)
490 4969 552 5021 Non
564 4986 630 5038 nego
642 4976 718 5026 etiam
730 4985 879 5043 proneptem
893 4980 1060 5044 abneptemve
1073 4979 1184 5030 consulis
1196 4993 1220 5028 a.
1231 4979 1285 5028 740
1296 4978 1415 5034 similiter
1425 4976 1550 5042 appellari
1557 4973 1669 5039 potuisse5

364 5056 409 5106 sed
429 5059 514 5109 titulus
533 5067 585 5112 tam
603 5072 708 5131 propter
725 5070 876 5134 scripturam
895 5085 971 5135 quam
990 5077 1096 5138 propter
1108 5071 1296 5135 simplicitatem
1309 5069 1344 5120 ad
1356 5059 1472 5134 tempora
1482 5068 1586 5119 Nerone
1596 5067 1669 5130 poste·

363 5147 494 5200 riora'vix
513 5152 627 5218 ablegari
644 5147 736 5222 potest.

442 5238 466 5301 5>
493 5243 619 5296 mannus
638 5247 701 5298 mv.
720 5265 746 5313 p.
763 5252 804 5300 12.
842 5251 978 5310 ommam
999 5254 1024 5315 a,
1039 5253 1083 5303 cr.
1120 5252 1269 5318 nipperdey
1288 5251 1322 5303 ao
1340 5251 1403 5304 uae.
1422 5263 1481 5315 ana
1495 5248 1521 5311 o,
1536 5237 1578 5298 ιο.
