3568 6070
540 639 589 690 on
608 639 755 694 u1rvu1s
774 641 930 696 nrrrcrs.
1322 634 1395 706 115

92 811 142 869 sibi
161 808 275 868 ridetur
296 807 471 868 certissimis
493 809 687 884 argumentis,
708 807 772 868 fieri
793 827 854 870 nou
874 830 974 890 posse,
995 821 1028 874 ut
1041 827 1111 877 ante
1124 819 1253 882 Neronia
1268 834 1396 888 aetatem

90 909 180 970 titulus
201 908 384 986 compositus
406 909 455 966 sit.
497 908 535 968 In
555 907 719 968 Philistore
740 911 819 970 enim
839 913 898 971 vol.
913 913 960 972 IV
979 935 1010 993 p.
1026 917 1085 976 333
1107 919 1212 982 titulus
1233 934 1280 985 eat
1298 927 1395 990 Thra-

91 1010 158 1086 syllo
182 1011 320 1069 archonte
348 1009 546 1086 compositus,
574 1027 662 1086 quem
684 1028 763 1069 anno
783 1011 820 1070 61
837 1030 866 1088 p.
883 1010 954 1073 Chr.
976 1033 1012 1074 eo
1033 1036 1155 1078 munera
1174 1021 1307 1088 sunctum
1327 1049 1395 1092 esse

90 1111 210 1188 Phlegon
234 1109 271 1169 de
297 1110 363 1168 mir.
389 1127 414 1169 c.
431 1108 471 1168 20
497 1109 597 1168 tradit.
639 1109 733 1170 Recte
758 1111 849 1190 igitur
875 1112 1076 1176 Neubauerus
1101 1119 1180 1180 bunc
1205 1125 1323 1190 titulum
1348 1133 1396 1192 illi

89 1229 156 1270 anno
168 1211 277 1283 tribuit,
299 1229 388 1287 quem
402 1227 458 1286 ego
481 1209 623 1287 (Hermes
637 1209 654 1270 1
667 1230 697 1287 p.
709 1211 784 1288 418>
806 1211 883 1271 inter
895 1213 1026 1276 Neronis
1039 1218 1228 1297 adoptionem
1242 1235 1273 1288 et
1287 1227 1396 1292 Claudi

88 1319 199 1371 mortem
213 1311 356 1388 scriptum
371 1307 542 1370 statueram.
577 1311 680 1370 Motus
699 1329 780 1370 eram
794 1312 849 1402 eia,
870 1331 947 1391 quae
960 1315 1046 1376 initio
1060 1320 1172 1398 scripta
1184 1335 1253 1386 sunt
1271 1323 1397 1412 Ἀγωθῇ

87 1403 155 1488 τύχη
174 1403 317 1469 Κλαυδέου
338 1403 483 1495 Kerdanetta
503 1403 665 1476 Σεβαστοῦ
683 1415 853 1494 Γερμανικοῦ
879 1406 976 1486 νεέκης.
1022 1415 1107 1492 Quae
1129 1426 1275 1488 vocabula
1301 1433 1328 1490 si
1353 1434 1396 1494 ita

88 1513 187 1588 scripta
210 1521 312 1572 essent
338 1513 369 1572 in
390 1512 504 1590 lapide,
532 1520 655 1589 propter
680 1513 824 1572 omissum
849 1534 1031 1591 praenomen
1051 1538 1112 1579 non
1132 1535 1258 1600 possent
1277 1532 1338 1592 nisi
1356 1527 1397 1595 'ad

88 1610 231 1670 Claudium
253 1613 368 1686 referri,
390 1631 483 1690 quara
500 1612 532 1672 iu
546 1613 591 1672 aia
606 1611 818 1674 Neubauerum
832 1632 892 1674 non
906 1615 1066 1678 offendisse
1080 1621 1182 1683 miror.
1217 1625 1278 1688 Sed
1291 1630 1396 1693 Koeh.

86 1713 134 1770 leri
152 1713 364 1792 apographum,
375 1715 467 1790 ,quod
487 1713 595 1787 habeo,
616 1723 685 1773 ante
700 1707 843 1772 Κλαυδίου
866 1717 983 1776 circiter
1003 1737 1110 1780 novem
1127 1723 1243 1786 litteras
1258 1736 1396 1795 consulto

86 1813 185 1874 deletas
209 1831 277 1874 essa
303 1813 429 1888 indicat,
455 1813 557 1890 ibique
578 1805 699 1897 Νέρωνος
722 1833 888 1892 pronomen
913 1819 1059 1894 scriptum
1077 1820 1174 1906 ‘luerit
1196 1846 1320 1892 necesse
1340 1845 1395 1896 ast.

87 1911 155 1974 Sane
174 1935 201 1974 v.
218 1915 235 1974 3
257 1905 380 1998 Νέρωνος
401 1923 551 1974 servatum
572 1921 628 1987 est,
651 1915 694 1974 ita
714 1925 746 1976 ut
766 1917 793 1975 is
815 1917 868 1991 qui
889 1917 964 1977 illud
986 1919 1105 1995 delerit,
1126 1925 1183 1984 hoc
1203 1947 1264 1988 non
1285 1934 1397 1996 vidisse

87 2014 214 2076 videatur.
256 2015 297 2074 In
323 2015 382 2074 hoc
406 2015 498 2092 igitur
525 2015 613 2075 titulo
634 2015 682 2076 Ti.
706 2013 850 2076 Claudius
875 2015 993 2078 Novius
1020 2021 1142 2096 quidam
1168 2021 1328 2110 στρατηγοὶ·
1351 2027 1396 2094 ἐπὶ

85 2109 142 2177 τούς
165 2108 297 2178 intuitae
320 2110 351 2174 τέ
374 2103 476 2192 έγδοον
503 2115 620 2176 dicitur.
662 2115 747 2176 Idem
772 2135 843 2176 vero
871 2118 902 2176 in
926 2119 1121 2200 inscriptione
1146 2127 1227 2202 apud
1252 2130 1397 2196 Roggium

86 2215 117 2274 de
139 2216 229 2276 demit
257 2238 291 2278 n.
309 2217 365 2276 141
394 2210 554 2299 ττρατηγδς
579 2205 624 2274 ε’τέ
650 2211 717 2277 τούς
738 2209 870 2278 έτλεέτας
894 2227 1030 2295 vocatur,
1056 2241 1117 2284 non
1142 2226 1246 2289 addito
1271 2253 1397 2296 numero

86 2318 257 2378 iterationem
289 2317 448 2378 indicante.
499 2315 600 2391 Quare
628 2335 696 2376 cum
724 2317 886 2377 verisimile
911 2319 966 2392 sit,
996 2321 1075 2382 hunc
1104 2324 1224 2388 titulum
1251 2349 1288 2391 eo
1316 2353 1397 2398 anno

85 2419 270 2496 compositum
299 2437 381 2491 esee,
407 2435 469 2495 quo
489 2417 541 2477 ille
557 2421 684 2495 primum
704 2424 826 2495 praetor
845 2419 992 2496 fueritl),
1022 2441 1149 2500 cumque
1168 2427 1229 2489 iam
1249 2437 1399 2513 magnitu.

85 2518 144 2578 dino
165 2519 283 2581 numeri
303 2519 460 2597 probabile
481 2519 548 2590 liat,
574 2537 633 2578 non
654 2519 834 2578 intermissis
855 2520 1034 2596 quibusdam
1055 2526 1157 2601 annia,
1184 2529 1237 2590 sed
1258 2533 1399 2616 deinceps

85 2619 187 2680 octiens
207 2640 279 2681 eum
301 2627 442 2698 praetura
461 2619 593 2679 functum
616 2637 698 2692 essa,
720 2620 825 2680 titulus
846 2619 1013 2682 Roscianua
1035 2623 1074 2682 ad
1094 2643 1206 2688 annum
1225 2632 1266 2692 54
1279 2653 1310 2711 p.
1325 2635 1398 2698 Chr.

84 2721 242 2782 referendus
263 2722 393 2782 videbar.
435 2721 473 2780 In
494 2721 551 2780 hoc
572 2720 661 2780 titulo
682 2720 774 2799 igitur
801 2711 989 2797 ἀγωνοθέτης
1008 2725 1139 2807 πρῶτος
1160 2730 1215 2787 suiv
1235 2726 1400 2800 Σιβαπωῖν

84 2812 191 2898 α’γνένων
214 2832 273 2884 eat.
319 2820 420 2896 Quare
447 2841 515 2881 cum
529 2804 614 2880 'illud
639 2821 827 2897 plebiscitum
849 2816 1035 2898 ἀγωνοθέτην
1055 2827 1110 2882 τοῖν
1132 2820 1297 2895 indenata
1317 2827 1399 2915 ἆρά.

86 2943 129 2978 νων
146 2923 268 2996 habeat,
292 2940 416 2983 necesse
437 2931 485 2982 est
504 2920 651 2980 recentius
675 2921 714 2981 ait
735 2939 814 2980 anno
829 2921 869 2982 54
883 2941 913 2999 p.
930 2920 1016 2996 Cha,
1037 2942 1097 3002 quo
1118 2920 1268 2994 Σοβοιοοοέ
1288 2930 1401 3012 dativae

84 3000 223 3099 primum
249 3023 394 3085 celebrati
420 3022 489 3082 sint.
534 3019 619 3096 Quae
644 3022 721 3082 ratio
748 3022 836 3099 plana
863 3029 944 3082 certa
968 3031 999 3084 et
1019 3043 1091 3084 vera
1117 3037 1211 3103 asset,
1239 3033 1399 3102 dummodo

85 3125 217 3184 vocabula
244 3113 434 3202 ἀγωνοθέτης
461 3120 569 3206 πρῶτος
595 3123 627 3181 id
655 3121 859 3198 significarent
885 3124 966 3199 quod
992 3124 1193 3190 Naubauarua
1221 3135 1295 3194 vult.
1339 3137 1401 3200 Sed

84 3243 116 3282 ea
133 3244 190 3285 non
210 3233 274 3286 tam
297 3231 431 3302 tempore
450 3223 589 3301 primum,
610 3222 662 3299 qui
683 3223 878 3301 agonothesia
897 3224 1017 3284 functus
1037 3226 1086 3300 ait,
1108 3229 1287 3308 significant,
1308 3256 1399 3314 quam

85 3342 142 3384 eum
162 3327 213 3402 qui
233 3327 268 3386 in
291 3323 488 3401 complurium
510 3324 755 3400 agonothetarum
776 3323 904 3401 collegio
926 3323 1070 3400 dignitate
1083 3328 1224 3408 princeps
1239 3335 1287 3394 sit.
1318 3337 1400 3398 Nam

84 3427 251 3486 vocabulum
281 3425 362 3503 quod
388 3433 436 3484 est
460 3416 573 3506 πρῶτοςΙ
593 3423 650 3482 hac
677 3423 706 3482 vi
734 3441 888 3482 munerum
916 3424 1105 3500 publicorum
1132 3431 1302 3494 nominibus
1330 3437 1402 3497 addi

84 3543 248 3601 consuesse,
271 3526 326 3585 vix
346 3534 393 3584 est
413 3523 494 3600 quod
515 3523 664 3600 exemplis
685 3523 786 3582 allatis
807 3523 939 3601 probem.
978 3525 1029 3584 Ad
1050 3526 1169 3588 titulum
1186 3531 1402 3608 Aphrodisien-

84 3643 140 3686 sem
153 3625 187 3687 0.
201 3629 227 3688 1.
245 3626 330 3688 2800
350 3626 411 3684 iam
425 3623 598 3684 Boeclrhius
618 3631 698 3684 recte
717 3623 872 3684 adnotavit
895 3625 1021 3707 ηπρῶτος
1035 3620 1165 3687 usuraria
1186 3640 1242 3704 est,
1263 3635 1316 3710 qui
1330 3637 1404 3696 alibi

82 3719 283 3809 έργρνοωποιές
309 3725 463 3786 vocatur“.
505 3724 606 3784 Etiam
631 3725 730 3784 minus
758 3723 888 3783 dubitari
915 3731 1014 3801 potest
1040 3724 1075 3786 C.
1095 3727 1121 3788 I.
1141 3729 1219 3790 3461
1243 3731 1402 3816 οτρατηγόν

82 3828 181 3906 πρῶτον
203 3820 266 3889 δέν.
301 3827 399 3886 Porro
420 3825 510 3886 iniis
532 3824 784 3898 civitatibua,·ubi
805 3823 973 3900 complures
995 3815 1136 3908 ἄρχοντος
1151 3829 1205 3888 toti
1220 3833 1403 3910 reipublicae

82 3901 229 4002 praesunt,
251 3929 362 4010 πρῶτος
383 3914 486 4007 ιέρχων
507 3931 764 3997 commemoratur,
786 3923 878 3982 veluti
900 3923 937 3984 Ο.
950 3925 975 3985 Ι.
990 3927 1070 3986 3407
1093 3928 1280 4009 (Magnesiae
1300 3936 1341 3995 ad
1358 3935 1405 4000 Si·

83 4028 204 4104 pylum).
248 4027 348 4106 Magis
370 4027 477 4085 mirum
499 4034 546 4084 est
567 4024 649 4102 quod
670 4022 704 4084 Ο.
720 4025 746 4084 Ι.
762 4022 865 4084 22210
886 4025 975 4084 etiam
997 4020 1237 4110 στρατηγήσαντα
1256 4027 1297 4106 το*Δ
1315 4038 1405 4118 πρωῒ.

82 4148 135 4185 τον
158 4128 218 4188 hac
244 4128 394 4188 sententia
420 4126 542 4198 dicitur3
570 4143 607 4186 ac
631 4131 733 4184 tamen
759 4123 797 4182 da
824 4143 859 4182 ea
883 4145 917 4184 ra
939 4126 1069 4186 dubitari
1089 4131 1201 4205 nequit.
1243 4132 1323 4193 Nam
1343 4154 1405 4195 non

83 4246 144 4286 eam
163 4229 255 4288 huius
277 4228 471 4288 additamenti
485 4226 547 4286 vim
561 4207 650 4299 essa,
664 4233 698 4284 ut
710 4232 880 4304 opponatur
897 4226 941 4285 eis
956 4245 1033 4303 quaa
1046 4227 1117 4287 alibi
1130 4229 1279 4292 adduntur
1292 4227 1323 4289 τέ
1338 4225 1405 4291 δονέ-

82 4349 163 4411 τορον,
188 4323 220 4386 τέ
249 4321 338 4411 τρέτον
364 4334 435 4399 etc,
459 4327 520 4386 iam
545 4325 615 4385 inde
639 4331 736 4402 patet,
761 4325 843 4401 qnod
867 4326 967 4402 isqui
992 4328 1124 4388 nondum
1149 4329 1257 4390 iterum
1281 4351 1405 4392 munere

82 4428 196 4488 functus
225 4437 290 4501 est,
318 4437 398 4488 recte
424 4427 532 4486 dicitur
553 4426 679 4498 semel,
705 4443 766 4483 non
786 4427 938 4502 primum
962 4425 1081 4486 functus
1102 4443 1179 4487 esse.
1221 4430 1263 4488 Et
1283 4433 1404 4490 omnino

82 4527 110 4585 id
128 4545 215 4589 nemo
237 4528 270 4587 in
291 4528 377 4587 titulo
398 4526 559 4585 honorario
581 4525 679 4597 addet,
700 4543 768 4583 oum
789 4526 844 4583 illa
865 4523 997 4599 (iterum,
1018 4526 1154 4602 tertium)
1173 4537 1297 4605 propter
1311 4532 1405 4590 hono·

81 4645 141 4686 rem
165 4647 236 4688 eum
263 4627 315 4704 qui
339 4627 497 4686 iteratione
522 4625 655 4684 eiusdem
680 4625 875 4701 magistratus
901 4624 1068 4683 continetur
1094 4625 1165 4684 addi
1190 4627 1316 4690 soleant.
1361 4630 1406 4691 Ut

81 4727 170 4804 igitur
189 4729 223 4787 iu
247 4726 316 4785 aliis
338 4727 525 4798 muneribus,
550 4725 594 4784 ita
614 4725 704 4784 etiam
725 4725 757 4782 in
779 4723 975 4804 agonothetis
994 4725 1022 4784 is
1043 4725 1182 4785 vocabuli
1204 4730 1311 4810 πρῶτος
1331 4748 1406 4790 usus

82 4828 167 4887 valet.
212 4825 249 4886 G.
269 4827 294 4886 I.
315 4825 395 4886 2007
422 4827 530 4910 πρῶτον
556 4817 587 4886 δὲ
608 4815 792 4901 ἀγωνοθέτην
812 4825 862 4894 τῆς
883 4815 1017 4906 Σιρραέων
1038 4814 1148 4887 τέλους
1170 4828 1215 4886 ita
1238 4828 1406 4908 intelligen-

82 4926 150 4986 dum
181 4934 230 4988 est
261 4933 422 5004 propterea
448 4924 529 5002 quod
556 4943 617 4983 non
648 4925 739 4984 unius
766 4923 835 4982 festi
866 4924 1046 4998 agonotheta
1072 4935 1133 4999 est,
1164 4927 1217 4988 aad
1243 4938 1406 5012 perpetuus

82 5028 162 5087 urbis
188 5027 395 5104 magistratus.
437 5026 523 5086 Idem
548 5025 611 5086 fare
638 5023 719 5084 valet
745 5022 782 5084 da
809 5022 964 5082 vocabulis
989 5012 1053 5082 'Eri
1081 5017 1266 5103 ἀγωνοθέτου
1296 5020 1406 5114 πρώτου

158 5247 183 5309 ¹)
212 5248 248 5300 In
266 5249 341 5300 tertio
360 5248 435 5298 titulo
454 5262 511 5315 στρ.
532 5243 552 5294 t.
572 5263 595 5295 τ.
616 5232 677 5293 tel
697 5239 712 5293 3
731 5239 866 5314 (τέταρτον)
885 5244 980 5296 dicitur
998 5240 1074 5314 (Ἐγ
1094 5235 1158 5316 οἶρχ.
1180 5247 1271 5309 3725).

1161 5332 1202 5391 8.
