3654 6072
347 651 393 720 18
870 661 1143 714 ADDITAMENTA
1579 665 1672 717 ³3·3a

344 839 448 915 ceptis,
471 854 548 914 quae
571 843 640 894 sunt
656 835 714 910 Opi
734 833 760 907 Ι,
779 833 847 904 146,
874 833 955 892 Tirri
975 835 1042 910 eph.
1060 835 1110 905 53,
1134 836 1204 894 ..eto
1225 832 1251 904 Ι,
1270 833 1338 904 150,
1360 843 1503 910 perpetuo
1522 843 1673 894 notentur.

343 940 418 999 Tria
438 939 560 998 nomina
580 943 614 994 ut
634 937 665 994 in
687 935 864 994 mulieribus
886 952 1033 1011 nusquam
1049 933 1251 1006 offenduntur,
1271 935 1315 992 ita
1336 935 1368 992 in
1382 935 1456 994 viris
1473 953 1591 1013 quoque
1604 956 1674 994 rara

343 1049 411 1100 sunt
433 1049 464 1098 et
483 1039 545 1097 fere
566 1036 694 1095 redeunt
714 1037 752 1096 ad
773 1035 891 1113 Oppios
915 1037 1007 1107 solos,
1029 1053 1106 1112 quos
1128 1033 1293 1094 Praeneste
1314 1035 1468 1112 probabile
1489 1045 1543 1108 est,
1566 1045 1599 1095 ut
1613 1037 1673 1095 Ro·

343 1161 411 1201 mae
433 1138 601 1209 Cornelios,
627 1146 742 1195 mature
763 1137 793 1195 in
817 1137 926 1214 stirpes
949 1136 1140 1206 discessisse3
1168 1137 1276 1195 horum
1298 1135 1673 1208 sunt1‚1at.129.130.

347 1243 416 1300 131.
431 1239 499 1318 eph.
515 1239 564 1298 86.
601 1237 681 1296 Alibi
703 1256 762 1296 non
783 1238 975 1297 inveniuntur
995 1237 1054 1295 nisi
1074 1238 1104 1295 in
1124 1237 1220 1296 titulis
1242 1237 1266 1308 1,
1285 1237 1438 1297 110.135.
1457 1238 1526 1310 156,
1548 1257 1674 1314 quorum

343 1345 393 1402 hic
414 1347 574 1416 corruptus
595 1347 654 1410 est;
676 1357 745 1396 nam
767 1337 839 1397 Aria
861 1340 928 1415 eph.
945 1337 983 1398 57
1007 1337 1080 1414 qnid
1102 1339 1259 1417 significet,
1281 1339 1398 1415 ignoro.
1442 1339 1501 1398 Tu.
1516 1338 1571 1415 Μ.]

345 1479 499 1488 .....-.-.---

346 1547 416 1609 34*
428 1549 455 1624 l)
478 1548 649 1606 Praeneste.
887 1561 902 1602 u
918 1575 924 1588 ·
940 1559 1012 1603 svm

886 1683 978 1704 .....
1001 1659 1146 1705 oncrvws

347 1777 523 1834 Bonannius
545 1773 628 1831 Bell.
653 1771 733 1831 1870
754 1790 783 1847 p.
803 1771 871 1830 105.
1189 1823 1190 1826 ,

386 1876 501 1936 Vereor
522 1893 559 1934 ne
581 1874 642 1932 sint
664 1873 724 1931 duo
746 1872 824 1931 tituli
846 1873 924 1930 male
946 1872 1106 1931 666166611.
1122 1905 1164 1917 -
1186 1871 1232 1932 cf.
1255 1873 1450 1934 16166688.

347 2081 391 2142 35
406 2083 519 2158 inipso
533 2082 629 2157 pinea.
663 2081 827 2140 Praeneste
842 2081 872 2138 in
889 2080 976 2138 vinea
989 2079 1080 2140 Dom.
1096 2077 1235 2140 Ceoeoni.
1267 2079 1367 2139 Hodie
1381 2082 1462 2160 apud
1475 2079 1676 2142 Bonannium.

898 2231 914 2274 r
930 2244 937 2260 ·
952 2231 1021 2274 avur
1037 2244 1043 2260 ·
1059 2231 1074 2273 r
1091 2245 1098 2259 ·
1114 2231 1130 2273 6

347 2355 497 2431 Dotypum
524 2353 607 2411 misit
634 2351 796 2410 Henzenus
824 2361 980 2428 acceptum
1010 2371 1029 2409 a
1054 2351 1094 2410 D.
1121 2351 1280 2410 Bonannio
1306 2352 1459 2430 ediditque
1484 2354 1567 2414 Ball.
1596 2355 1677 2416 1866

347 2475 375 2530 p.
396 2455 463 2514 135.

321 2647 395 2720 '³6
422 2663 454 2719 in
480 2661 614 2736 margine
640 2659 781 2718 inferiore
809 2659 891 2718 basis
917 2660 1063 2718 rotundae
1084 2659 1199 2735 pineae.
1242 2659 1407 2720 Praeneste
1428 2663 1461 2720 in
1482 2662 1578 2722 fundo
1598 2663 1678 2723 61616

391 2763 421 2820 16
446 2760 622 2821 Golombello
643 2779 705 2836 rep.
728 2778 766 2818 m.
791 2757 874 2835 Sept.
897 2778 924 2818 a.
945 2759 1032 2818 1868.
1076 2759 1176 2819 Hodie
1198 2765 1229 2819 66·
1245 2767 1336 2838 prati.

970 2911 1059 2954 Avttn

349 3031 511 3090 Hennenus
533 3031 572 3089 ad
593 3038 732 3107 ectypum
754 3031 880 3089 missum
902 3049 921 3088 a
942 3029 982 3089 D.
1004 3030 1162 3090 Bonannio
1184 3033 1267 3092 Bell.
1294 3033 1372 3093 1869
1395 3052 1423 3109 p.
1443 3034 1510 3094 166.

351 3236 419 3297 37*
442 3239 472 3295 in
493 3237 560 3312 ipsa
580 3239 679 3313 pinea.
722 3237 886 3297 Praeneste
907 3238 938 3296 in
960 3239 1048 3304 vinea
1073 3237 1163 3296 Dom.
1187 3237 1324 3299 0666661.

911 3389 1117 3434 nvtrn·c·r

349 3507 434 3566 Misit
458 3505 620 3568 Henzenus
648 3515 786 3586 ectypum
814 3515 967 3586 acceptum
995 3527 1014 3568 a
1038 3507 1079 3568 D.
1106 3510 1278 3584 Bonannio,
1305 3511 1343 3570 ad
1370 3514 1451 3590 quod
1477 3514 1569 3575 edidit
1595 3516 1678 3576 Bell.

352 3607 430 3668 1866
453 3609 570 3686 6134.

351 3811 397 3872 38
419 3814 449 3871 16
471 3814 538 3872 basi
557 3814 686 3873 rotunda
707 3815 823 3890 pineae.
867 3815 943 3892 Rep.
966 3816 1130 3876 Praeneste
1152 3837 1171 3875 a
1192 3816 1362 3879 Galeassio.

947 3968 969 4009 V
984 3980 991 3995 ·
1006 3967 1085 4011 ΕΑΙΕΙ

392 4081 506 4141 Eadem
527 4083 645 4142 videtur
665 4085 792 4160 repetita
813 4085 921 4144 litteris
943 4086 1145 4162 singularibus
1168 4089 1255 4148 haee:

973 4239 995 4280 V
1009 4251 1016 4266 ·
1033 4237 1052 4282 C

350 4353 466 4413 Prioris
492 4354 572 4412 tituli
597 4361 736 4430 eetypum
758 4355 840 4414 misit
860 4353 1024 4416 Henzenus
1045 4369 1200 4435 acceptum
1223 4369 1246 4419 a'
1263 4359 1429 4422 Oioerehia.
1472 4363 1576 4424 Edidit
1595 4365 1679 4428 Bell.

353 4455 433 4514 1864
454 4474 484 4531 p.
500 4453 549 4512 21.

393 4553 607 4628 [Praenomina
622 4557 753 4616 virorum
774 4566 894 4634 praeter
913 4568 1034 4636 recepta
1054 4560 1135 4636 apud
1149 4560 1303 4620 Romanos
1323 4563 1403 4622 tituli
1417 4565 1605 4626 Praenestini
1627 4568 1679 4629 de·

351 4655 459 4714 derunt
472 4655 569 4715 adhue
583 4657 670 4716 baeer
693 4656 733 4715 K.
755 4657 781 4730 Ι,
799 4659 867 4718 107.
883 4661 950 4736 eph.
963 4661 1013 4720 49.
1028 4660 1096 4720 102.
1112 4661 1185 4732 103,
1207 4661 1282 4722 Mai.
1301 4665 1369 4740 eph.
1383 4666 1436 4738 78,
1458 4667 1517 4727 Na.
1536 4669 1603 4746 eph.
1619 4672 1678 4731 109

352 4754 402 4830 (of.
426 4754 466 4812 N.
489 4755 520 4826 1,
536 4756 584 4814 74.
602 4757 641 4816 84
656 4758 741 4833 661),
771 4759 838 4834 061.
861 4759 891 4834 Ι,
909 4761 982 4834 146,
1009 4762 1074 4821 Pes.
1098 4761 1165 4838 eph.
1182 4761 1236 4836 50,
1263 4765 1344 4840 quod
1366 4773 1413 4824 est
1432 4766 1603 4828 Pescennius
1626 4771 1678 4848 (ef.

351 4854 377 4926 Ι,
395 4855 483 4931 137),
505 4855 571 4914 Pla.
593 4856 624 4928 Ι,
642 4857 714 4929 116,
740 4859 803 4918 Sta.
827 4857 853 4932 Ι,
871 4859 944 4934 103,
970 4863 1050 4921 lieri
1070 4864 1137 4939 eph.
1154 4863 1208 4934 53,
1234 4863 1282 4923 Tr.
1305 4867 1372 4944 eph.
1389 4865 1438 4926 78.
1455 4868 1509 4941 99,
1531 4870 1563 4930 V.
1585 4871 1610 4944 Ι,
1628 4872 1678 4932 75.

351 4955 418 5030 eph.
436 4953 485 5014 38.
504 4953 571 5014 120.
590 4954 663 5028 113,
686 4964 790 5018 ...616
813 4961 838 5033 Ι,
857 4961 925 5020 150.
968 4961 1098 5038 Tati]

353 5089 551 5102 un*-

429 5173 453 5238 ¹)
481 5177 582 5229 Titulos
606 5180 727 5234 6161661666
751 5184 884 5236 distinctos
907 5201 960 5236 non
979 5187 1044 5236 vidit
1062 5187 1323 5256 Trendelenburgius.
1360 5191 1392 5242 In
1410 5193 1515 5260 reliquis
1534 5195 1567 5246 ab
1587 5211 1618 5247 eo
1638 5213 1679 5248 re·
1807 5201 1808 5212 ¹

352 5266 460 5329 cognitis
478 5283 573 5321 noman
592 5272 647 5323 eius
665 5273 702 5323 ibt
720 5281 819 5326 tentum
839 5277 1013 5342 apposuimus,
1033 5277 1078 5328 ubi
1096 5279 1231 5331 lectionem
1251 5282 1404 5334 emendarit.
