3654 6072
338 610 387 680 60
909 617 1091 672 nouussn

335 799 400 856 eius
421 804 493 856 natu
513 795 662 853 maximus
685 794 804 851 Marcus
826 792 921 850 dictus
943 791 991 859 sit,
1013 790 1173 848 admodum
1196 789 1349 864 probabile
1365 795 1410 846 est
1425 790 1529 848 eodem
1544 789 1666 846 nomine

334 899 427 956 etiam
448 897 587 954 maritum
609 912 695 953 usum
718 912 793 952 esse.
1373 943 1377 952 .

421 999 450 1058 5.
495 995 599 1056 Simile
625 995 698 1070 quid
723 1013 780 1052 usu
801 993 934 1052 venitin
955 992 1044 1050 Iunia
1065 990 1193 1050 Calvina
1213 992 1346 1067 Augusti
1366 991 1502 1070 abnepte.
1546 989 1669 1048 Titulus

338 1098 452 1157 Tibure
478 1097 550 1154 olim
577 1103 712 1154 servatus
734 1093 838 1152 Iuniae
864 1093 1018 1152 cuiusdam
1046 1091 1098 1170 Sp.
1122 1093 1144 1149 f.
1168 1091 1366 1168 Tyrannidis,
1392 1109 1468 1166 quae
1494 1091 1537 1148 ibi
1558 1091 1670 1150 dicitur

342 1197 481 1258 Calvinae
502 1197 547 1254 M.
570 1198 667 1256 Silani
682 1193 793 1272 fil(iue)
816 1195 946 1252 delicium
973 1191 1076 1268 (Grut.
1102 1193 1196 1266 1024,
1214 1191 1247 1264 2;
1276 1191 1424 1268 Borghesi
1445 1193 1466 1250 l.
1486 1211 1511 1250 c.
1533 1211 1562 1268 p.
1580 1191 1668 1266 203),

338 1320 357 1358 a
377 1299 544 1374 Borghesio
571 1298 710 1356 tribuitur
737 1297 838 1354 neseio
865 1295 912 1353 cui
934 1295 1037 1352 Iuniae
1060 1291 1202 1352 Calvinae
1228 1301 1383 1368 praeterea
1403 1293 1523 1369 ignotae
1544 1299 1671 1369 propter

339 1419 404 1459 eam
431 1399 526 1457 solam
548 1416 685 1467 causam,
712 1397 792 1472 quod
812 1404 897 1472 pater
917 1395 959 1454 ibi
982 1395 1092 1454 dicitur
1113 1414 1172 1452 non
1194 1395 1328 1470 Appius,
1356 1395 1407 1452 sed
1428 1395 1559 1452 Marcus.
1602 1393 1669 1452 Iam

337 1507 497 1578 postquam
517 1499 645 1558 vidimus
667 1499 847 1572 abnepotum
865 1497 996 1572 Augusti
1018 1504 1132 1572 patrem
1154 1496 1211 1554 boc
1231 1496 1299 1570 ipso
1320 1496 1440 1554 nomine
1460 1495 1564 1568 fuisse,
1586 1495 1670 1552 bunc

337 1617 457 1678 quoque
479 1601 598 1658 titulum
620 1599 741 1674 abnepti
761 1599 890 1656 tribuere
911 1616 971 1656 non
993 1597 1203 1656 dubitabimus.

421 1701 561 1758 Vidimus
576 1701 737 1758 Aemiliam
751 1697 898 1776 Lepidam
914 1703 1089 1774 proneptem
1105 1697 1234 1774 Augusti
1249 1706 1348 1755 natam
1365 1717 1390 1756 c.
1406 1713 1433 1756 a.
1450 1697 1508 1756 751
1525 1698 1670 1774 nupsisse

306 1781 311 1792 ¹
338 1823 364 1862 c.
380 1823 407 1861 a.
423 1801 482 1861 766
504 1802 546 1861 M.
562 1799 667 1860 Silano
689 1801 842 1875 liliumque
864 1800 996 1858 eiusdem
1018 1799 1147 1858 nominis
1169 1798 1299 1856 edidisse
1319 1797 1387 1874 ipso
1410 1817 1489 1856 anno
1506 1797 1563 1856 767
1585 1806 1671 1870 ante·

338 1922 426 1980 quam
449 1903 526 1960 diem
549 1903 705 1977 Augustus
727 1901 823 1959 obiret
844 1901 937 1976 (Aug.
954 1900 1017 1976 19).
1061 1901 1124 1957 lam
1151 1908 1184 1957 ut
1205 1899 1304 1958 mariti
1325 1899 1391 1957 eius
1412 1899 1510 1957 locum
1531 1907 1671 1976 parente-

338 2006 459 2080 lamque
485 2003 729 2074 determinemus,
755 2001 977 2060 recensebimus
1003 2001 1111 2059 aetatis
1134 2000 1290 2076 Augustae
1316 1998 1449 2072 Silanos,
1476 2019 1602 2078 quorum
1629 1999 1671 2057 ad

339 2123 395 2164 nos
417 2105 561 2164 memoria
582 2103 726 2179 pervenit.

426 2208 451 2264 1.
495 2205 538 2262 Μ.
564 2206 668 2262 Iunius
695 2204 816 2264 Silanus
845 2222 901 2262 coe.
931 2223 959 2262 a.
980 2221 1009 2260 a.
1031 2220 1054 2260 c.
1072 2203 1131 2261 729
1159 2201 1324 2278 (Borghesi
1348 2203 1367 2261 l.
1389 2222 1420 2261 c.
1444 2221 1473 2278 p.
1492 2203 1575 2278 180).
1619 2202 1671 2261 De

339 2319 424 2388 patre
452 2329 513 2368 non
542 2309 615 2366 satis
642 2313 772 2376 constat3
802 2325 871 2362 nam
899 2304 950 2380 qui
976 2303 1007 2360 in
1034 2311 1154 2362 senatus
1182 2305 1319 2362 consulto
1342 2323 1368 2360 a.
1388 2325 1418 2362 u.
1438 2323 1462 2362 c.
1480 2304 1538 2362 737
1562 2302 1669 2381 (Grut.

339 2411 410 2484 328,
429 2413 443 2468 1
462 2435 499 2460 =
516 2408 570 2480 Vl,
586 2408 660 2483 877)
686 2407 764 2464 inter
785 2405 910 2480 eosqui
931 2404 1092 2462 scribundo
1114 2404 1272 2462 adsuerunt
1292 2405 1388 2480 primo
1410 2405 1477 2462 loco
1498 2407 1672 2464 nominatur

270 2519 272 2526 “
338 2511 508 2570 Mlucius
531 2511 575 2568 M.
591 2512 619 2586 f.
644 2507 801 2582 Si[lnnus],
830 2525 899 2564 eum
925 2506 1005 2563 hunc
1031 2505 1129 2581 ipsum
1149 2506 1245 2564 fuisse
1265 2506 1451 2582 Borghesius
1474 2507 1579 2565 statuit
1600 2525 1671 2582 prn-

296 2654 300 2660 ·
338 2613 479 2672 habiliter
500 2611 630 2687 quidem,
653 2610 707 2667 sed
728 2605 933 2666 delinientibus
956 2607 1139 2684 argumentis
1161 2607 1261 2665 certis.

424 2713 453 2771 2.
495 2713 534 2771 L.
556 2713 657 2770 Iunius
680 2709 800 2768 Silanus
820 2709 992 2768 *candidatus
1015 2725 1070 2765 cos.
1094 2710 1125 2764 in
1146 2726 1173 2764 u.
1193 2709 1251 2766 733
1273 2706 1353 2781 (Dio
1373 2709 1424 2778 54,
1439 2707 1472 2784 6)
1495 2710 1671 2770 nominatur

340 2815 410 2873 item
436 2815 515 2872 inter
541 2813 666 2870 heredes
690 2808 724 2868 C.
748 2807 842 2866 Cestii
869 2814 1017 2865 unacum
1038 2807 1079 2865 M.
1101 2808 1237 2886 Agrippa
1259 2808 1292 2886 (†
1309 2807 1383 2885 742)
1406 2810 1438 2868 in
1459 2811 1548 2870 titulo
1571 2810 1669 2870 Orell.

259 2910 268 2922 ⁸
338 2916 380 2976 48
404 2913 567 2990 (Borghesi
588 2913 607 2970 l.
625 2931 649 2970 c.
672 2910 821 2987 p.181).'

424 3016 453 3072 3.
500 3015 531 3074 C.
556 3015 660 3071 Iunias
684 3012 715 3071 0.
736 3014 764 3086 fi
787 3011 908 3070 Silanus
936 3029 991 3068 cos.
1019 3003 1046 3067 a.
1068 3031 1095 3068 u.
1117 3031 1140 3068 c.
1156 3011 1218 3070 737
1247 3011 1414 3088 (Borghesi
1441 3013 1461 3072 l.
1482 3033 1507 3072 a.
1535 3033 1566 3090 p.
1584 3012 1667 3090 182).

340 3115 442 3188 Patri,
470 3133 557 3190 quem
588 3112 699 3173 Gaium
725 3111 858 3188 appellat
886 3111 946 3168 Dio
973 3113 1004 3168 in
1030 3111 1128 3172 indice
1158 3111 1209 3188 (cf.
1235 3113 1250 3170 Ι
1276 3131 1306 3187 p.
1323 3114 1411 3188 547),
1441 3115 1534 3172 Marci
1561 3133 1669 3174 nomen

339 3217 433 3279 fuisse
458 3214 610 3274 contendit
630 3213 816 3289 Borghesius
844 3221 1004 3290 propterea
1029 3211 1108 3286 quod
1134 3213 1238 3270 consul
1259 3232 1286 3271 a.
1303 3213 1362 3272 763
1385 3215 1416 3271 in
1437 3215 1524 3274 fastis
1547 3215 1670 3292 Capito-

337 3317 409 3376 linis
437 3317 606 3392 appellatur
626 3314 661 3375 C.
689 3314 794 3380 lunius
818 3311 852 3371 C.
882 3313 902 3372 i.
924 3312 965 3371 M.
991 3331 1021 3370 n.
1045 3309 1179 3384 Silanus3
1208 3322 1240 3371 at
1267 3333 1335 3374 eum
1361 3315 1450 3375 huius
1477 3317 1573 3376 filium
1601 3335 1670 3378 esse

339 3437 427 3478 nemo
449 3417 562 3477 scribit.

424 3520 454 3578 4.
500 3519 530 3578 Ο.
553 3519 654 3576 lunius
675 3517 705 3576 C.
722 3520 749 3592 s.
774 3517 818 3574 M.
840 3535 869 3575 a.
888 3515 1009 3574 Silanus
1031 3535 1086 3574 cos.
1109 3537 1137 3574 a.
1153 3537 1180 3574 u.
1197 3537 1221 3576 c.
1238 3518 1348 3576 763:
1364 3519 1401 3577 10
1411 3537 1444 3594 p.
1461 3520 1540 3590 Gur„
1561 3521 1669 3582 flamen

340 3620 499 3680 Martialis.
530 3602 657 3678 'Patrem
673 3631 826 3692 avumque
846 3617 918 3676 fasti
933 3615 1094 3694 Capitolini
1114 3617 1312 3694 prodiderunt
1332 3619 1476 3696 illumque
1494 3622 1669 3682 confirmant

340 3722 420 3780 tituli
440 3721 544 3778 Iuniae
567 3719 599 3777 0.
622 3718 720 3778 Silani
734 3721 763 3792 s.
790 3719 949 3794 Torquatus
969 3718 1094 3793 virginis
1108 3717 1241 3778 Vestalis
1264 3718 1372 3794 (Orell.
1389 3720 1458 3778 696.
1476 3720 1571 3792 2238;
1594 3723 1668 3782 Bor·

341 3823 427 3898 ghesi
452 3839 521 3895 opp.
545 3818 722 3894 3‚12seq.;
750 3818 875 3876 Henzen
896 3837 964 3876 ann.
987 3819 1055 3878 inst.
1085 3819 1164 3878 1855
1186 3839 1216 3896 p.
1233 3819 1279 3895 5);
1308 3841 1373 3878 eam
1401 3823 1480 3880 enim
1505 3823 1595 3886 huius
1622 3843 1667 3884 so·

340 3941 439 3980 rorem
466 3921 537 3977 dicit
558 3920 683 3978 Tacitus
711 3918 794 3992 (ann.
816 3921 844 3990 3,
867 3919 930 3994 69).
972 3920 1215 3996 Repetundarum
1241 3939 1281 3978 ex
1307 3923 1382 3980 Asia
1407 3923 1565 3984 damnatus
1591 3945 1617 3984 a.
1639 3947 1667 4004 p.

342 4019 414 4080 Chr.
432 4019 470 4078 22
492 4021 523 4078 in
545 4021 669 4078 exilium
691 4020 764 4079 abiit
785 4019 925 4094 (Tacitus
946 4019 966 4078 l.
980 4019 1034 4096 a).
1661 4067 1666 4072 .

426 4121 454 4180 5.
497 4121 541 4179 M.
569 4123 671 4180 Iunias
697 4119 728 4178 Ο.
749 4122 777 4194 s.
801 4120 923 4179 Silanus
950 4139 1006 4180 cos.
1034 4139 1063 4180 α.
1082 4141 1110 4180 u.
1132 4141 1155 4180 c.
1172 4123 1229 4181 768
1251 4144 1287 4172 =
1310 4126 1350 4182 15
1365 4144 1397 4199 p.
1417 4123 1485 4184 Chr.
1530 4125 1607 4185 Dixi
1629 4125 1669 4186 de

340 4224 397 4282 hoc
423 4222 503 4299 apud
523 4221 697 4280 Henzenum
722 4221 755 4280 in
780 4221 925 4280 relatione
952 4221 989 4279 de
1014 4223 1089 4280 actis
1112 4223 1270 4281 Arvalium
1296 4242 1325 4299 p.
1344 4227 1379 4282 ll
1408 4225 1509 4300 ibique
1532 4227 1668 4303 quaeda

330 4323 458 4384 ¹(luobus
484 4323 525 4380 M.
549 4319 661 4381 Silanis
687 4322 860 4380 consulibus
888 4342 914 4379 a.
935 4340 962 4396 p.
980 4321 1051 4382 Chr.
1075 4323 1111 4380 15
1132 4332 1161 4382 et
1184 4323 1220 4382 19
1247 4325 1358 4382 tradita
1385 4325 1554 4404 accepimus
1579 4339 1669 4389 antea

340 4425 418 4484 male
446 4424 621 4498 perturbata
648 4423 794 4481 ordinavi.
844 4422 929 4481 Patri
959 4441 1068 4482 nomen
1096 4423 1190 4483 fuisse
1220 4423 1280 4484 Gai
1307 4427 1437 4500 primum
1465 4429 1669 4503 patefecerunt

339 4530 408 4582 acta
427 4525 584 4584 Arvalium
605 4544 632 4583 a.
648 4524 687 4582 38
711 4522 793 4598 (nam
815 4523 905 4580 huius
928 4525 999 4582 anni
1020 4542 1096 4595 esse,
1117 4544 1176 4584 non
1198 4527 1351 4602 sequentis
1372 4529 1432 4586 iam
1454 4530 1596 4606 constat),
1618 4533 1668 4591 ubi

340 4625 390 4702 agi
413 4625 449 4681 de
470 4625 527 4682 hoc
548 4632 660 4682 certum
683 4633 745 4696 est,
768 4643 836 4682 cum
857 4641 1060 4682 successorem
1082 4626 1123 4683 ibi
1145 4628 1287 4703 accipiat,
1310 4647 1346 4686 eo
1369 4636 1467 4687 autem
1490 4650 1569 4690 auno
1590 4631 1669 4692 hunc

340 4725 491 4785 interiisse
513 4733 640 4783 constet.
675 4724 842 4799 Aequalem
864 4723 959 4788 fuisse
975 4722 1145 4784 Germanici
1168 4723 1231 4786 nati
1253 4747 1280 4785 a.
1296 4749 1325 4786 n.
1341 4748 1365 4786 o.
1382 4730 1441 4788 739
1464 4731 1532 4790 inde
1554 4733 1669 4812 colligi·

340 4832 403 4896 tur,
432 4824 512 4898 quod
537 4824 633 4883 falsus
656 4825 775 4884 Drusus
799 4824 972 4884 Germanici
993 4826 1014 4882 f.
1036 4825 1169 4884 fraudem
1191 4829 1347 4888 coufessus
1370 4829 1476 4890 deinde
1497 4833 1538 4891 Μ.
1563 4831 1668 4894 Silano

341 4942 373 4984 sc
400 4924 532 4999 genitum
554 4942 621 4983 essa
643 4927 795 4984 contendit
816 4925 954 5000 (Tacitus
977 4944 1044 4984 ann.
1068 4928 1181 5004 5‚10).
1225 4927 1342 4988 Consul
1363 4931 1453 4990 fuerit
1474 4950 1599 4993 necesse
1620 4943 1670 4997 est

339 5017 381 5082 Μ.
405 5021 526 5082 Silanus
549 5023 693 5085 suffectus
715 5045 741 5084 a.
758 5045 787 5110 p.
804 5025 875 5084 Chr.
895 5025 931 5084 15
955 5025 983 5100 (I
1004 5047 1033 5102 p.
1050 5027 1109 5086 475
1133 5029 1170 5086 cf.
1193 5049 1221 5086 n.
1239 5029 1308 5088 762.
1326 5031 1414 5106 763);
1437 5053 1506 5092 nam
1523 5035 1570 5094 Μ.
1589 5034 1668 5098 Sila-

340 5141 398 5182 nus
420 5123 461 5181 M.
483 5123 503 5180 s.
526 5141 588 5182 cos.
611 5125 722 5184 orno.
738 5144 767 5200 p.
784 5125 855 5184 Chr.
874 5128 910 5208 19
937 5128 997 5186 iam
1019 5128 1186 5188 excluditur
1207 5131 1328 5206 cognito
1348 5134 1541 5208 praenomine
1562 5137 1668 5212 patris.

340 5223 577 5283 Multumvaluit
592 5224 648 5283 sub
660 5225 782 5284 Tiberio
796 5245 934 5304 necrnra
947 5227 1017 5304 eius
1026 5228 1057 5286 in
1071 5231 1146 5290 actis
1162 5231 1227 5290 eius
1243 5233 1386 5310 temporis
1397 5235 1509 5296 mentio
1521 5243 1567 5296 est
1579 5236 1668 5312 (Tac.
