3654 6072
324 568 370 639 92
886 579 1084 634 vunusuus

322 769 477 818 coemeram
505 764 656 816 eata-usare.
699 753 874 813 Praefectus
901 752 953 810 ille
980 760 1027 810 est
1051 751 1227 812 Aufidianus
1248 751 1364 823 Rufus,
1392 753 1445 828 qui
1472 751 1560 809 modo
1583 768 1653 810 eum

323 859 490 918 vexillariis
506 855 667 932 Nauporto
688 855 720 914 in
742 865 843 914 castra
863 854 1001 914 redierat.
1037 852 1114 912 Item
1133 852 1334 929 Mogontiaci,
1347 853 1399 912 ubi
1419 851 1496 912 duae
1517 851 1654 927 legiones

322 979 360 1020 eo
382 969 516 1036 tempore
537 965 637 1018 castra
657 956 806 1017 habebant
815 955 854 1030 ¹),
882 974 974 1014 unum
995 962 1111 1012 tantum
1132 953 1315 1029 praefectum
1336 953 1432 1012 fuisse
1454 971 1493 1010 ex
1518 951 1656 1012 eiusdem

324 1061 425 1120 Taciti
445 1059 544 1118 verbis
566 1057 711 1136 sequitur,
738 1059 791 1134 qui
815 1065 959 1134 quantum
980 1055 1108 1114 militum
1130 1055 1211 1132 apud
1230 1055 1416 1130 superiorem
1437 1055 1536 1114 Rheni
1555 1056 1657 1130 ripam

324 1163 429 1234 tuerit,
445 1179 535 1221 *anno
551 1159 589 1218 70
615 1161 743 1218 iurasse·
760 1177 815 1235 pro
841 1157 968 1233 imperio
996 1154 1166 1216 Galliarum
1195 1164 1312 1228 narrat,
1346 1159 1448 1216 occisis
1475 1155 1658 1232 Mogontiaci
1738 1155 1741 1158 ’

325 1264 459 1338 imbutis,
481 1262 569 1338 palso
590 1271 747 1320 castrorum
764 1260 923 1334 praesecto,
949 1260 1001 1333 qai
1021 1259 1243 1316 detrectaverant
1264 1256 1308 1332 (n.
1323 1255 1389 1332 44).
1434 1257 1552 1318 Deinde
1573 1255 1657 1333 apud

326 1365 488 1440 scriptores
510 1361 670 1421 identidem
692 1359 836 1438 praefecti
850 1364 1137 1430 commemorantur,
1159 1359 1211 1434 qui
1233 1358 1340 1418 castris
1361 1366 1519 1434 praesunt,
1543 1357 1656 1432 quibus

326 1484 364 1524 ne
384 1485 445 1524 una
465 1463 587 1540 quidem
605 1462 685 1540 legio
706 1462 796 1538 plena
816 1462 951 1532 habetur,
973 1461 1027 1520 sed
1047 1459 1258 1518 vexillationes
1279 1465 1395 1518 tantum
1409 1458 1497 1517 unius
1512 1459 1562 1516 vel
1576 1476 1658 1516 com·

325 1567 458 1644 plurium
484 1565 648 1642 legionum.
689 1561 783 1621 Velut
811 1559 911 1620 Siscia
942 1561 1023 1622 bello
1052 1561 1224 1620 Dalmatico
1256 1579 1283 1618 a
1304 1581 1332 1618 u.
1354 1560 1413 1619 719
1446 1557 1658 1636 expugnata2)

324 1670 485 1744 Augustus
511 1665 553 1724 ibi
579 1664 739 1724 collocavit
763 1662 903 1721 cohortes
926 1662 1032 1738 viginti
1058 1663 1191 1740 quinque
1212 1663 1319 1728 castris
1342 1661 1461 1720 stativis
1484 1657 1521 1720 uic
1541 1653 1657 1736 ταμιείῳ

328 1765 505 1852 χρησόμενος
525 1765 554 1826 ἐς
574 1757 621 1822 rdv
644 1765 747 1822 Aeneia
768 1753 816 1820 nai
838 1765 1008 1846 Βαοτιιρνῶν
1029 1755 1160 1830 πόλεμον,
1183 1751 1313 1844 aimigero
1334 1750 1401 1818 sicin
1425 1762 1478 1818 τοῦ
1494 1745 1657 1840 homost),

326 1869 456 1946 praefuit
474 1868 515 1926 iis
536 1885 615 1926 anno
632 1865 649 1924 8
665 1885 693 1941 p.
710 1863 746 1924 O.
768 1863 820 1924 Μ’.
842 1865 960 1922 Ennius
983 1853 1168 1947 φρούραρχος
1190 1855 1310 1923 Seruios
1332 1862 1378 1938 (n.
1391 1864 1435 1939 3).
1472 1853 1658 1945 Φρούραρχον

327 1989 347 2028 a
366 1970 467 2029 Dione
488 1968 590 2028 vocari
616 1967 800 2044 praefeetum
821 1973 999 2037 castrorum,
1026 1965 1099 2025 mihi
1121 1965 1240 2041 quidem
1261 1963 1382 2022 dubium
1403 1983 1462 2023 non
1485 1972 1545 2036 est,
1573 1963 1658 2022 aliud

327 2071 407 2132 enim
428 2088 536 2128 munus
554 2067 685 2128 militare
707 2073 810 2127 uotum
832 2076 879 2128 est
900 2065 1024 2136 nullum,
1047 2066 1084 2127 de
1105 2084 1166 2142 quo
1187 2074 1267 2126 recte
1288 2064 1338 2124 hic
1359 2067 1485 2142 cogitari
1506 2065 1608 2140 possit
1626 2073 1658 2122 et

327 2173 376 2234 cui
402 2172 504 2248 aliquo
528 2170 619 2242 modo
644 2169 803 2228 conveniat
828 2159 1014 2250 φρουράρχου
1043 2185 1160 2226 nomen.
1203 2167 1288 2226 Idem
1304 2167 1361 2225 vir
1386 2165 1466 2226 haud
1490 2167 1534 2224 ita
1560 2166 1657 2224 multo

308 2253 399 2350 'post
423 2291 502 2330 anno
527 2271 565 2328 14
593 2277 843 2330 commemoratur
870 2289 888 2326 a
915 2268 1039 2340 Tacito,
1067 2269 1118 2327 ubi
1145 2269 1315 2346 praefectus
1342 2276 1510 2327 castrorum
1537 2273 1659 2344 praeest

327 2367 495 2434 vexillariis
509 2371 694 2450 praesidium
707 2371 738 2429 in
753 2367 885 2431 Chaucis
901 2369 1083 2446 agitantibus
1098 2370 1263 2445 audacique
1277 2369 1406 2430 consilio
1420 2369 1563 2446 opprimit
1578 2368 1657 2428 sedi·
1769 2441 1776 2453 Ι

328 2457 439 2537 tionem
455 2474 501 2534 ibi
514 2492 634 2550 quoque
649 2473 821 2550 gliscentem
837 2469 879 2546 (n.
893 2471 936 2546 4).
965 2470 1105 2546 Denique
1119 2471 1256 2530 hocloco
1274 2471 1455 2530 adferendus
1467 2477 1515 2530 est
1526 2469 1564 2528 L.
1581 2467 1658 2528 an-

328 2577 422 2636 dicius
444 2575 489 2650 (u.
505 2573 550 2650 5),
572 2575 624 2650 qui
644 2581 716 2650 post
735 2572 852 2632 cladem
862 2572 1027 2631 Varianam
1041 2572 1168 2631 Alisone
1189 2571 1333 2632 obsessus
1348 2591 1367 2630 a
1383 2570 1551 2642 Germanis,
1575 2571 1659 2628 ferro

329 2679 388 2740 sibi
409 2676 533 2752 suisque
555 2675 593 2733 ad
606 2675 746 2734 Rhenum
767 2673 895 2732 reditum
916 2673 1042 2751 aperuit.
1080 2657 1187 2732 Certae
1208 2671 1336 2732 alicuius
1348 2672 1476 2751 legionis
1490 2671 1659 2747 praefectos

328 2785 497 2840 castrorum
520 2783 663 2852 quattuor
683 2775 819 2834 nominat
839 2773 967 2834 Tacitus
984 2795 1014 2835 n.
1033 2773 1070 2834 15
1091 2773 1219 2852 legionis
1241 2775 1398 2846 secundae,
1420 2793 1449 2832 n.
1469 2773 1505 2832 18
1527 2773 1659 2850 legionis

328 2879 489 2954 septimae,
511 2897 540 2936 n.
558 2875 602 2945 20,
617 2875 744 2953 legionis
766 2875 886 2947 tertiae,
907 2895 936 2934 n.
952 2875 993 2934 45
1014 2875 1141 2952 legionis
1164 2875 1309 2934 decimae:
1338 2885 1438 2934 tamen
1461 2874 1497 2934 de
1519 2875 1657 2934 omuibus
1709 2885 1714 2894 '

329 2981 377 3038 his
403 2977 549 3054 exemplis
574 2985 718 3048 constat„
732 2976 763 3036 in
784 2977 891 3037 castris
912 2976 975 3036 illis
996 2983 1116 3052 praeter
1136 2977 1286 3055 legionem
1307 2993 1385 3051 quae
1406 2973 1499 3038 titulo,
1515 2975 1659 3052 praetecti

329 3087 495 3140 castrorum
525 3074 644 3138 additur
670 3078 760 3136 aliam
789 3079 910 3137 stetisse
938 3077 1067 3149 nullam;
1097 3077 1178 3152 quod
1206 3077 1243 3136 de
1269 3077 1388 3155 legione
1405 3075 1446 3134 -Il
1474 3085 1503 3135 et
1529 3077 1561 3140 X
1590 3078 1658 3152 ipse

330 3187 456 3240 testatur
477 3179 617 3252 Tacitus,
643 3179 760 3238 tertiam
783 3180 902 3238 unicam
924 3179 1019 3237 foisse
1040 3197 1075 3236 eo
1089 3179 1156 3238 iam
1178 3186 1313 3256 tempore
1333 3179 1364 3236 in
1386 3178 1490 3236 Africa
1509 3178 1660 3254 legionem

329 3289 433 3342 notum
453 3287 509 3351 est,
532 3281 691 3356 septimam
711 3279 839 3356 denique
861 3280 899 3338 ab
920 3279 1016 3340 altera
1035 3277 1154 3355 legione
1168 3279 1348 3338 Pannonica.
1365 3279 1480 3337 decima
1500 3280 1590 3337 tertia
1613 3296 1660 3337 se·

329 3391 438 3462 parata
455 3382 598 3440 habuisse
619 3381 739 3452 stativa,
761 3381 831 3439 inde
852 3382 997 3456 sequitur,
1019 3379 1101 3456 quod
1122 3381 1201 3456 apud
1216 3379 1354 3440 Tacitum
1377 3378 1462 3454 (hist.
1479 3381 1509 3452 3,
1526 3380 1559 3457 l)
1580 3379 1659 3438 Poe-

330 3483 449 3542 tovione
470 3483 597 3558 legionis
618 3489 733 3542 tantum
754 3480 833 3540 XIII
854 3483 979 3540 hiberna
998 3481 1135 3544 citantur.
1166 3537 1168 3542 ,
1471 3554 1474 3558 Δ

412 3586 549 3661 Apparet
574 3583 666 3660 igitur
692 3583 825 3642 saeculo.
839 3593 919 3642 certe
938 3583 1034 3658 primo
1055 3581 1224 3660 praefectos
1245 3591 1411 3642 castrorum
1432 3600 1492 3640 non
1514 3590 1575 3640 tam
1597 3582 1660 3641 sin-

329 3685 409 3762 guiis
435 3685 605 3763 legionibus
631 3667 720 3758 quam
749 3683 878 3760 singulis
900 3685 1007 3744 castris
1028 3683 1158 3742 tributos
1179 3683 1288 3742 fuisse:
1315 3683 1444 3759 singulis
1466 3683 1601 3755 aaran,
1628 3683 1659 3741 in

217 3859 220 3863 ι
329 3785 440 3862 quibus
462 3785 536 3846 satis
558 3784 675 3860 amplus
696 3785 927 3860 legionariorum
948 3802 1089 3858 numerus
1111 3785 1287 3856 habebatur,
1308 3784 1476 3860 praefectus
1498 3783 1536 3866 ab
1559 3784 1659 3858 Impe-

329 3895 429 3946 ratore
443 3885 487 3960 (ιι.
500 3885 533 3961 7)
554 3886 801 3960 praeponebatur,
823 3891 1043 3958 utrumautem
1064 3886 1166 3962 plures
1186 3885 1319 3962 legiones
1341 3885 1383 3942 ibi
1406 3891 1521 3943 starent
1542 3903 1582 3942 an
1598 3903 1660 3942 una

330 4005 369 4045 an
396 3985 524 4061 denique
548 3986 699 4047 vexillarii
726 3994 840 4044 tantum
866 3987 986 4058 delecti,
1012 3987 1086 4045 nihil
1106 3987 1256 4046 intererat.
1277 4051 1281 4056 ,
1299 3987 1406 4061 Itaque
1427 3993 1499 4060 quot
1520 4003 1658 4062 quaeque

328 4085 483 4165 provincia
504 4095 603 4146 castra
623 4087 856 4164 legionariorum
877 4088 993 4156 maiora
1013 4089 1127 4160 habuit,
1149 4096 1195 4149 tot
1214 4089 1279 4146 sine
1301 4087 1392 4145 dubio
1413 4083 1454 4143 ibi
1470 4094 1556 4144 erant
1570 4104 1658 4164 prae·

220 4173 234 4226 .'
328 4188 398 4264 fecti
424 4183 599 4248 castrorum.
644 4186 677 4248 Si
701 4188 821 4264 quando
845 4189 949 4264 copiae
970 4187 1168 4264 complurium
1190 4188 1366 4248 stativorum
1387 4187 1522 4244 totiusve
1538 4186 1658 4263 provin-

328 4285 393 4350 ciae
418 4287 456 4346 ad
481 4289 594 4348 bellum
620 4288 742 4364 aliquod
767 4289 928 4364 gerendum
957 4291 1218 4366 contrahebantur,
1243 4290 1418 4364 plerumque
1441 4305 1519 4346 unus
1541 4294 1658 4344 tantum

328 4410 366 4448 ex
388 4388 546 4470 praefactis
568 4398 735 4448 castrorum
757 4407 823 4447 cum
845 4390 979 4448 exercitu
999 4391 1123 4464 exiisse,
1145 4391 1252 4466 reliqui
1273 4391 1305 4449 in
1323 4388 1457 4448 hibernis
1470 4386 1657 4446 remansisse

327 4490 478 4562 videntum
503 4491 584 4566 quod
605 4490 736 4548 enimin
757 4505 841 4566 pace,
862 4489 941 4564 idern
963 4491 1096 4550 inbelle
1118 4491 1250 4549 valuisse
1271 4497 1395 4549 'necesse
1417 4495 1473 4560 est,
1494 4494 1529 4545 ut
1549 4486 1656 4546 iisdem

328 4591 435 4648 castris
459 4610 521 4649 non
541 4593 643 4666 plures
666 4589 719 4650 sed
741 4608 819 4648 unus
841 4600 1004 4668 praeesset.
1046 4593 1154 4670 Itaque
1168 4591 1304 4650 Velleius
1326 4591 1363 4650 de
1384 4589 1498 4665 proelio
1519 4589 1557 4646 ab
1582 4581 1656 4648 an-

327 4691 394 4748 cina
419 4697 449 4748 et
471 4689 594 4750 Silvano
622 4709 689 4750 oum
714 4691 846 4768 quinque
872 4691 1041 4769 legionibus
1068 4692 1328 4768 auxiliaribusque
1357 4691 1430 4750 satis
1452 4689 1554 4748 multis
1577 4707 1656 4748 com·

328 4891 533 4902 ffi—

405 5028 428 5091 1)
456 5030 519 5080 Tac.
538 5028 643 5090 hisce,
660 5031 703 5080 bd.
723 5033 748 5092 4,
765 5034 799 5084 24
819 5039 867 5082 cet.
1447 5047 1482 5116 .

404 5118 427 5180 ²)
455 5120 508 5170 Dio
528 5121 572 5182 49,
587 5121 631 5170 37.
645 5119 778 5186 38.‘App.
797 5123 839 5172 111.
861 5125 904 5172 22.
918 5123 963 5174 23.

382 5207 424 5272 i)
455 5210 495 5262 Cf.
515 5211 609 5265 Strabo
624 5213 648 5272 7,
664 5211 688 5273 5,
704 5214 719 5261 2
738 5227 763 5276 p.
779 5213 872 5264 3130.
892 5203 975 5281 εὗῴυδς
995 5202 1142 5282 ὄρμητῆριον
1160 5211 1193 5277 aui
1211 5201 1271 5282 πρδς
1291 5200 1392 5268 Asuada
1411 5205 1523 5279 πολέμῳ.
