3654 6072
537 683 839 740 oasnavamonss
855 685 975 740 nmen.
995 687 1034 739 11.
1055 687 1109 740 n1.
1437 673 1483 744 67

150 857 310 918 Claudiam
333 875 374 916 ex
396 864 484 935 gente
505 857 631 934 patricia
651 856 755 916 fuisse.
793 855 853 917 Sed
874 858 933 918 hoc
954 877 1041 937 nego,
1062 862 1143 936 quod
1164 867 1194 920 et
1208 861 1391 940 Borghesius
1406 865 1441 941 (l.
1457 887 1482 926 c.

150 980 180 1037 p.
200 958 274 1034 188)
296 959 401 1018 etalii
423 975 527 1017 omnes
549 957 744 1050 admiserunt,
766 959 847 1036 apud
868 957 1044 1020 Suetonium
1064 959 1184 1020 claudit
1205 965 1266 1022 c.4
1288 967 1337 1044 agi
1360 968 1396 1025 de
1418 969 1484 1026 affi-

149 1061 244 1120 nitate
267 1057 389 1119 Claudii
416 1059 481 1118 eius
505 1059 560 1134 qui
586 1067 693 1136 postea
717 1059 855 1134 regnavit
875 1077 941 1120 cum
965 1058 1086 1122 Silanis.
1130 1061 1241 1122 Scribit
1260 1065 1303 1124 ibi
1323 1069 1483 1144 Augustus

150 1161 256 1236 paucis
283 1169 352 1220 unte
379 1167 505 1218 mortem
533 1160 620 1220 annis
646 1159 684 1218 ad
704 1158 824 1218 Liviam
852 1179 976 1222 uxorem
1004 1163 1048 1222 sic
1070 1163 1107 1220 de
1129 1162 1271 1224 Claudiae
1300 1185 1403 1227 curare
1423 1189 1484 1228 eam

151 1263 230 1321 ludia
251 1262 443 1320 Martialibus
466 1261 622 1320 triclinium
643 1262 818 1320 sacerdotum
839 1281 896 1320 aaa
918 1263 1050 1339 displicet
1069 1265 1160 1335 aubia,
1182 1269 1209 1322 ai
1231 1275 1272 1324 eet
1290 1287 1433 1342 pacturus
1455 1292 1484 1331 ae

148 1363 187 1420 ab
210 1363 309 1422 Silani
327 1363 392 1436 filio
417 1363 525 1420 lamiae
553 1363 608 1420 etde*
635 1363 725 1436 adfini
753 1364 912 1433 admoneri,
938 1382 973 1422 ae
1000 1365 1070 1439 qaid
1089 1367 1190 1438 saciat
1212 1369 1291 1442 qaod
1311 1375 1438 1446 conspici
1458 1384 1484 1431 et

151 1465 278 1522 derideri
297 1467 398 1540 possit.
445 1461 576 1535 Quinam
598 1463 625 1522 is
648 1481 714 1522 esse
736 1472 840 1538 posset
862 1462 958 1524 Silani
979 1465 1074 1538 filins,
1098 1465 1220 1526 difficile
1241 1469 1321 1528 dictu
1342 1471 1435 1545 foret,
1457 1476 1483 1532 si

150 1565 273 1622 omnino
302 1564 339 1622 de
366 1581 403 1621 ea
428 1583 461 1620 re
488 1564 690 1641 quaerendum
717 1573 809 1624 esset.
853 1567 894 1624 At
915 1565 996 1640 quod
1017 1567 1115 1625 editur
1137 1586 1195 1626 non
1218 1579 1266 1628 est
1286 1571 1344 1630 nisi
1367 1575 1484 1634 coniec-

150 1673 220 1724 tura
240 1664 383 1724 Beroaldi
409 1683 516 1742 parum
543 1663 633 1735 fclix3
661 1665 799 1724 inlibris
822 1667 959 1726 omnibus
982 1675 1028 1726 est
1050 1667 1178 1740 Siluani,
1207 1689 1335 1746 cumque
1356 1672 1485 1736 Claudia

151 1783 229 1824 uxor
249 1766 348 1842 prima
367 1766 457 1824 fuerit
471 1766 592 1824 Plautia
605 1765 798 1842 Urgulanilla
818 1767 882 1825 tilia
896 1767 937 1826 M.
953 1767 1064 1826 Plautii
1079 1765 1196 1828 Silvani
1217 1773 1350 1832 consulis
1372 1795 1399 1835 a.
1413 1776 1483 1850 tut,

150 1884 240 1924 soror
266 1865 380 1925 Plautii
404 1865 520 1928 Silvani
546 1867 694 1942 praetoris
721 1887 748 1925 a.
765 1866 804 1926 22
819 1887 848 1944 p.
866 1866 936 1928 Chr.
964 1869 1120 1927 memorati
1148 1871 1227 1946 apud
1250 1872 1387 1934 Tacitum
1414 1897 1483 1938 ann.

149 1968 181 2038 4,
198 1965 237 2024 22
259 1968 445 2044 aliorumque
459 1967 646 2028 Plautiorum
662 1976 900 2026 enumeratorum
917 1969 996 2046 apud
1012 1967 1228 2046 Nipperdeinm
1243 1974 1280 2030 ad
1295 1975 1324 2034 h.
1339 1975 1360 2034 1.
1377 1977 1483 2052 Taciti,

149 2068 335 2147 intellegitur
357 2069 478 2128 omniuo
499 2069 606 2128 horum
628 2068 738 2144 aliquis
761 2067 880 2130 Claudii
901 2069 1006 2128 Liviae
1029 2071 1146 2145 nepotis
1169 2082 1325 2149 cognatus.

373 2429 433 2489 111.
475 2429 534 2488 DE
557 2428 661 2490 FIDE
683 2427 939 2490 LEONHARDI
961 2428 1266 2492 GVTENSTENII.

235 2565 319 2624 Inter
351 2583 418 2637 eos,
452 2567 504 2642 qni
534 2567 676 2642 privatim
709 2566 767 2624 sibi
799 2565 966 2642 proluerint
994 2566 1025 2624 in
1056 2567 1151 2642 copiis
1183 2570 1384 2648 epigraphicis
1416 2595 1486 2635 con-

150 2667 301 2744 gerendis,
324 2665 472 2726 Gruterus
495 2685 602 2726 nomen
626 2667 730 2743 posuit
753 2665 923 2725 Leonhardi
946 2665 1135 2726 Gutenstenii
1161 2669 1225 2729 iure
1253 2674 1383 2733 consulti
1405 2678 1485 2737 eius·

150 2788 211 2846 que
246 2768 383 2828 hominis
411 2768 532 2828 aliunde
563 2769 637 2826 mihi
669 2769 764 2846 ignoti
796 2769 827 2826 iu
858 2768 1044 2844 praefatione
1075 2769 1113 2826 de
1145 2787 1201 2830 sua
1232 2772 1349 2852 sylloge
1380 2781 1487 2839 merita

150 2869 322 2929 accuratius
343 2877 471 2928 enarrat.
513 2870 643 2928 Iuvenes
666 2869 741 2928 duas
765 2867 996 2928 Gutenstenium
1022 2871 1107 2928 illam
1133 2878 1163 2930 et
1188 2869 1357 2948 Gasparum
1380 2875 1486 2958 Sciop-

151 2971 235 3048 pium
257 2971 371 3030 Romae
398 2971 540 3047 degentes
569 2989 624 3047 pra
650 2989 752 3029 amore
773 2969 805 3026 in
831 2988 864 3028 se
884 2969 1101 3047 Velserumque
1127 2967 1277 3049 ‘quicquid
1304 2995 1486 3040 marmorum

152 3071 287 3149 quotidie
308 3092 363 3148 per
376 3071 504 3130 Romam
525 3071 684 3130 hincinde
706 3078 868 3140 erueretur,
891 3090 993 3130 eorum
1016 3071 1244 3132 delineationem
1265 3066 1486 3153 septimanatim

151 3175 214 3232 t'ere
237 3189 337 3232 secum
359 3174 596 3232 communicasse
617 3173 685 3248 ipso
708 3170 909 3232 Gntenstenio
931 3173 1092 3232 adhibente
1113 3192 1235 3234 manum
1257 3193 1344 3240 snam
1365 3199 1487 3242 accura-

151 3268 320 3336 tissimam'.
360 3275 411 3333 Ab
432 3275 567 3334 Iohanne
588 3273 711 3332 Metello
733 3273 884 3349 adscripta
904 3275 943 3332 ad
964 3292 1074 3350 corpus
1096 3275 1335 3354 Maaochianum,
1358 3299 1435 3357 quae
1457 3294 1488 3342 ut

154 3388 184 3436 et
213 3376 275 3434 alia
302 3375 384 3434 domi
411 3393 482 3434 suae
511 3383 631 3434 servata
656 3374 805 3434 obtulerat
826 3373 973 3434 Horatius
996 3393 1015 3432 a
1036 3373 1125 3432 Valle
1150 3376 1215 3436 iure
1240 3381 1407 3454 consultas,
1435 3402 1487 3442 eos

154 3476 353 3553 descripsisse
375 3486 405 3534 et
426 3477 561 3548 misisse;
583 3476 655 3537 item
677 3473 863 3534 Smetianum
884 3475 1017 3534 codicem
1040 3494 1079 3532 ex
1099 3474 1287 3536 Farnesiana
1307 3481 1488 3543 bibliotheca

154 3601 172 3638 a
189 3579 299 3638 Fulvio
313 3576 427 3636 Ursino
449 3577 508 3636 sibi
529 3578 719 3652 impetratam
742 3593 794 3635 eos
817 3576 981 3634 contulisse
1002 3594 1068 3633 cum
1089 3573 1249 3636 Smetianis
1271 3579 1358 3640 editis
1381 3590 1411 3642 et
1432 3586 1487 3644 mi·

154 3681 232 3740 sisse
259 3697 336 3756 quae
356 3679 399 3737 ibi
420 3679 490 3754 plus
511 3678 636 3736 aliterve
656 3678 835 3755 legerentur.
877 3675 1016 3751 Denique
1037 3695 1104 3734 cum
1126 3677 1218 3737 addat
1240 3678 1389 3741 Gruterus
1406 3683 1486 3742 nut-

154 3783 236 3841 rium
257 3778 403 3839 Ursinum
430 3779 556 3837 schedas
578 3795 650 3836 suas
671 3777 831 3855 plerasque
852 3785 905 3834 aut
926 3779 1008 3852 ipsas
1029 3795 1083 3852 per
1102 3776 1261 3838 Velserum
1283 3785 1487 3845 transmisisse

155 3891 207 3941 aut
233 3881 349 3939 Romae
377 3880 523 3938 obtulisse
551 3879 776 3952 describendas,
806 3877 928 3936 dubium
956 3896 1017 3936 non
1042 3886 1090 3936 est
1115 3879 1302 3940 describendi
1329 3884 1429 3944 officio
1456 3888 1486 3945 in

155 3984 202 4042 bis
229 3999 350 4058 quoque
375 3982 495 4040 functos
518 3998 586 4039 esse
606 3981 730 4038 iuvenes
752 3979 822 4037 illas
843 3987 873 4038 et
894 3979 1025 4038 maxime
1047 3977 1291 4068 Gutenstenium,
1322 4004 1388 4043 cum
1411 4006 1488 4063 quae

155 4091 281 4162 accepta
305 4082 442 4142 feruntur
468 4081 581 4141 Ursino
608 4083 640 4139 in
666 4098 790 4157 corpore
816 4079 930 4155 passim
960 4098 1013 4154 per
1040 4077 1272 4141 Gutenstenium
1300 4088 1418 4146 venisse
1446 4089 1491 4148 di-

156 4195 271 4244 cantur.
315 4183 395 4242 Huic
422 4183 618 4261 praefationis
647 4181 830 4258 expositioni
857 4179 925 4255 ipsa
946 4179 1063 4256 sylloge
1085 4183 1161 4240 satis
1182 4185 1358 4259 respondet,
1386 4187 1490 4248 titulos

156 4285 305 4362 quosdam
326 4285 460 4344 referens
481 4285 513 4342 in
535 4285 607 4342 urbe
629 4283 796 4358 descriptos
818 4263 1051 4340 a'Guteastenio
1075 4281 1157 4358 (nam
1172 4281 1307 4360 Scioppii
1328 4303 1436 4346 nomen
1457 4291 1487 4346 in

156 4405 282 4463 corpore
304 4387 400 4445 rarius
421 4383 629 4459 memoratur),
650 4383 681 4441 in
703 4381 908 4458 compluribus
931 4389 1029 4440 autem
1047 4380 1237 4441 Guteastenii
1259 4403 1366 4444 namen
1386 4388 1490 4447 adiun-

157 4507 231 4566 gens
254 4487 377 4545 Metello
397 4484 562 4557 Ursiaove,
589 4493 623 4542 ut
646 4483 735 4542 etiam
758 4501 808 4554 ea,
836 4499 912 4558 quae
935 4483 1033 4541 solum
1054 4483 1168 4542 Metelli
1189 4502 1297 4544 nomen
1319 4488 1491 4564 subscripta

158 4590 280 4659 habent,
303 4587 405 4645 omnia
425 4604 602 4662 eorumque,
631 4603 707 4662 quae
729 4585 785 4642 sub
807 4583 913 4643 Ursini
934 4583 1055 4640 nomine
1076 4583 1278 4659 proferuntur,
1300 4594 1416 4661 partem
1438 4590 1493 4646 ali·

159 4669 252 4767 quam
274 4686 405 4748 Grutero
428 4707 447 4745 a
469 4685 669 4746 Gutenstenio
697 4685 923 4744 subministrata
944 4701 1010 4742 esse
1031 4691 1110 4742 recte
1132 4684 1271 4744 conicias.
1314 4685 1415 4760 Quare
1437 4690 1492 4748 ali.

158 4791 231 4867 quid
253 4789 396 4848 momenti
417 4788 540 4848 habebit
561 4787 599 4844 ad
620 4786 723 4844 titulos
745 4785 877 4842 maxime
892 4783 1023 4842 urbanos
1038 4789 1118 4841 recte
1132 4784 1333 4846 aestimandos
1346 4788 1492 4848 iudicium

160 4891 196 4950 dc
216 4890 277 4948 fide
298 4890 394 4966 ipsius
410 4887 610 4958 Gutenstenii,
632 4904 723 4962 quam
744 4885 841 4943 adhuc
863 4883 941 4958 quod
965 4885 1056 4941 sciam
1078 4903 1167 4942 nemo
1182 4886 1213 4944 in
1228 4886 1349 4946 dubium
1364 4892 1493 4949 vocavit.

161 4989 241 5052 Sane
261 4991 293 5048 in
315 4991 419 5049 multis
441 4990 502 5048 illis
525 4997 555 5047 et
569 4989 672 5060 variis,
696 5005 773 5064 quae
794 4984 878 5050 misit
894 4981 1034 5056 Grutero,
1056 4985 1145 5044 etiam
1165 4987 1347 5064 interpolata
1367 4999 1397 5048 et
1415 4970 1494 5078 falsa

160 5091 284 5168 reperiri
312 5099 430 5149 constat
456 5108 553 5166 neque
581 5089 614 5147 id
640 5107 694 5165 per
718 5104 752 5146 se
776 5086 834 5162 ipsi
860 5084 935 5143 vitio
961 5085 1038 5142 verti
1062 5085 1158 5144 debet.
1190 5087 1354 5150 ·Volumen
1378 5089 1495 5168 Ligarii

161 5193 243 5270 quod
263 5191 322 5250 fuit
334 5189 450 5263 Ursini,
472 5209 552 5250 nunc
574 5197 620 5248 est
633 5189 665 5247 ia
678 5184 1020 5246 bibliothecaVaticana
1040 5204 1069 5244 n.
1088 5185 1180 5260 3439,
1202 5189 1314 5248 dudum
1329 5199 1432 5250 natum
1448 5201 1495 5250 est

163 5294 289 5370 allegari
311 5291 392 5370 apud
408 5289 570 5353 Gruterum
585 5290 641 5350 sub
654 5289 743 5348 titulo
757 5286 997 5360 Ursiniaacrum,
1018 5286 1178 5364 ipsumque
1193 5297 1353 5368 propterea
1365 5292 1495 5351 hominis

1249 5390 1289 5448 δι
