3568 6070
564 555 616 652 on
634 601 845 655 raaauaoro
862 602 1044 656 anemius.
1395 590 1465 662 103

140 770 300 849 praefectis
322 772 473 848 legionum
494 773 601 832 aetatis
622 775 770 851 sequioris
792 775 914 834 omnino
936 775 1085 834 diversum
1108 795 1177 837 esse
1198 778 1389 838 manifestum
1411 789 1466 840 est.

143 871 291 938 Vitellius¹
308 882 409 932 autem
430 871 610 934 Saturninus
625 895 651 934 a
672 875 780 936 Tacito
801 886 1048 936 commemoratus
1070 886 1101 936 et
1120 878 1156 936 1..
1179 876 1331 938 Cammius
1354 879 1467 942 Secun-

140 973 227 1032 dinus
254 983 358 1050 aperte
383 975 602 1047 demonstrant,
629 977 778 1051 quomodo
805 978 917 1036 factum
939 979 991 1050 sit,
1018 987 1052 1036 ut
1073 998 1179 1038 munus
1199 997 1308 1038 nomen
1328 989 1465 1040 mutaret.

140 1072 181 1132 Ut
209 1075 290 1134 enim
318 1077 349 1134 in
376 1076 530 1136 tribunatu
558 1077 687 1137 militum
715 1079 843 1154 legionis
872 1079 1048 1156 saepissime
1075 1080 1115 1138 ob
1141 1081 1316 1141 brevitatem
1344 1084 1467 1141 verbum

140 1175 258 1233 militamt
284 1178 476 1239 omittebatur
503 1178 737 1255 simpliciterque
759 1180 895 1238 homines
918 1181 1101 1238 vocabantur
1123 1182 1234 1240 tribuni
1254 1183 1399 1258 legionis,
1424 1183 1468 1241 ita

139 1275 170 1332 in
190 1277 352 1352 praefectis
375 1287 542 1337 castrorum
562 1279 691 1356 legionis
713 1281 834 1338 verbum
856 1291 1012 1340 castorum
1033 1282 1255 1342 extrudebatur.
1297 1281 1387 1356 Quod
1408 1284 1468 1360 pri·

139 1393 219 1434 mum
248 1378 316 1436 sine
343 1379 435 1437 dubio
460 1379 492 1438 in
517 1397 573 1438 usu
595 1380 768 1456 quotidiano
789 1381 899 1440 factum
921 1391 1019 1440 estet
1041 1400 1176 1441 sermone
1198 1383 1296 1442 minus
1317 1393 1467 1457 accurato,

140 1477 223 1536 cuius
245 1479 291 1536 rei
314 1481 484 1558 exemplum
507 1489 577 1539 sunt
591 1480 689 1540 Taciti
708 1481 799 1540 verba
820 1499 912 1558 supra
933 1483 1041 1554 adlata,
1064 1483 1169 1542 deiude
1192 1483 1314 1544 saeculo
1336 1485 1467 1544 secundo

140 1578 235 1656 magis
262 1580 406 1653 invaluit,
432 1589 466 1639 ut
491 1581 523 1638 in
544 1582 628 1658 ipsos
650 1581 754 1640 titulos
775 1583 939 1658 inreperet3
968 1579 1096 1643 Severus
1117 1583 1244 1660 denique
1272 1585 1377 1662 primis
1402 1604 1467 1645 sae·

139 1678 195 1736 culi
221 1680 304 1738 tertii
330 1683 418 1741 annis
442 1682 587 1758 praesenti
609 1690 777 1742 castrorum
797 1701 907 1742 nomen
929 1683 1052 1744 sustulit
1072 1702 1239 1762 munusque
1254 1687 1468 1762 praefecturam
1507 1668 1511 1674 ¹

140 1780 258 1856 legionis
286 1782 433 1858 appellari
453 1783 555 1853 iussit.
598 1782 635 1842 L.
658 1781 810 1859 Cirpinius
836 1794 935 1842 utrum
960 1785 1065 1844 eodem
1092 1785 1180 1843 modo
1207 1804 1266 1860 quo
1289 1783 1468 1848 Saturninus

138 1889 168 1939 et
189 1879 379 1942 Secundiuus
404 1884 575 1960 praefectus
602 1883 729 1960 legionis
758 1885 855 1952 dictus
882 1885 937 1958 sit,
963 1904 1002 1944 an
1030 1885 1107 1944 alius
1129 1886 1247 1963 generis
1269 1887 1360 1946 fuerit
1380 1907 1468 1966 prae-

139 1981 232 2041 lectus
255 1984 540 2062 componendusque
561 2003 628 2043 cum
641 1983 677 2044 L.
693 1985 834 2046 Memmio
857 1987 989 2046 eiusdem
1010 1987 1072 2044 fere
1094 1987 1200 2046 aetatis
1216 1988 1386 2065 homine1),
1408 2007 1469 2048 non

139 2083 278 2144 diiudico.
367 2121 371 2124 -

218 2185 356 2246 Notitiae
382 2186 510 2263 denique
534 2187 727 2264 dignitatum,
756 2205 831 2262 quas
858 2188 978 2247 saeculo
1005 2197 1112 2264 quarto
1139 2197 1268 2247 exeunte
1293 2190 1342 2248 vel
1369 2190 1467 2265 quinti

139 2287 221 2346 initio
248 2287 336 2362 (ante
362 2306 388 2346 a
405 2287 479 2363 408)
505 2289 690 2366 conscriptas
717 2305 785 2347 esse
810 2297 913 2347 notum
941 2298 1002 2360 est,
1029 2289 1196 2366 praefectos
1221 2290 1372 2367 legionum
1395 2310 1467 2349 enu-

140 2395 252 2446 merant
273 2397 418 2466 quattuor
439 2407 531 2464 supra
553 2396 680 2460 centum,
702 2405 778 2465 quos
801 2406 904 2448 omnes
925 2391 983 2448 hoc
1004 2390 1070 2448 loeo
1090 2407 1200 2465 ponere
1214 2409 1468 2468 supervacaneum

140 2489 232 2548 visum
258 2499 317 2550 est.
359 2489 409 2548 De
433 2490 501 2548 loco
527 2508 616 2566 quem
644 2489 763 2548 saeculo
789 2498 895 2566 quarto
923 2498 1051 2550 exeunte
1078 2491 1156 2550 inter
1182 2493 1301 2568 reliqua
1328 2493 1469 2552 militaria

139 2608 261 2649 munera
282 2591 485 2662 obtinuerunt,
506 2593 577 2651 inde
597 2591 749 2667 colligitur
769 2610 821 2650 eos
843 2591 988 2668 dignitate
1010 2592 1180 2666 superiores
1199 2579 1294 2652 fuisse
1307 2595 1468 2669 praefectis

140 2691 272 2766 militnm,
301 2711 501 2766 numerorum,
523 2693 665 2768 equitum,
688 2693 813 2764 alarum,
836 2693 987 2766 classium,
1009 2693 1197 2769 tribunisque
1219 2695 1394 2767 cohortium,
1416 2697 1468 2772 qui

140 2792 169 2852 in
195 2793 325 2871 singulis
352 2795 574 2870 provinciarum
598 2793 754 2852 laterculis
783 2795 897 2870 passim
926 2803 1211 2853 commemorantur:
1241 2813 1360 2872 semper
1388 2796 1469 2854 enim

141 2903 204 2958 ante
230 2913 285 2954 eos
312 2903 515 2968 recensentur,
542 2895 675 2972 exceptis
704 2894 809 2970 paucis
836 2893 902 2966 ubi,
929 2902 962 2952 ut
986 2895 1019 2954 in
1043 2895 1131 2954 litore
1154 2892 1306 2954 saxonico
1327 2917 1382 2973 per
1402 2895 1469 2954 Bri·

141 2998 269 3056 tanniam
294 2996 384 3073 (Occ.
405 3017 434 3074 p.
452 2996 518 3072 90),
540 2996 614 3054 ordo
635 3004 687 3056 aut
707 2995 851 3054 confusus
874 3005 926 3056 aut
947 2996 986 3054 ob
1008 2997 1084 3054 alias
1106 3014 1213 3056 causas
1234 2997 1372 3056 inversus
1387 2997 1468 3058 vide-

141 3104 186 3155 tur
205 3115 282 3158 esse.
322 3095 398 3157 Cum
420 3106 520 3156 autem
539 3103 658 3174 praeter
680 3108 771 3155 unuin
792 3097 977 3174 praefectum
997 3097 1126 3173 legionis
1139 3096 1201 3155 VII
1219 3098 1357 3175 geminae
1378 3097 1467 3173 (Oce.

141 3219 167 3276 p.
184 3199 256 3275 119)
281 3217 387 3258 omnes
410 3187 471 3256 sint
491 3199 546 3258 sub
568 3198 767 3274 dispositione
787 3199 920 3256 virorum
943 3197 1150 3272 spectabilium
1173 3197 1296 3271 ducum,
1324 3198 1468 3277 dignitate

141 3319 189 3362 eos
209 3301 256 3360 his
279 3301 438 3360 inferiores
459 3299 555 3358 fuisse
576 3309 710 3376 apparet.
753 3299 865 3358 Errare
891 3299 984 3375 igitur
1006 3299 1070 3356 sine
1092 3298 1182 3357 dubio
1197 3299 1342 3375 Vegetius
1365 3297 1407 3374 (2,
1423 3297 1467 3373 9),

142 3403 165 3461 si
186 3404 307 3480 quidem
327 3409 407 3461 reete
428 3399 514 3460 nobis
535 3402 626 3460 verba
648 3401 714 3459 eius
736 3400 846 3460 medita
868 3407 947 3472 sunt,
973 3399 1140 3475 praefectos
1161 3399 1288 3475 legionis
1310 3399 1468 3458 comitivae

141 3505 224 3580 primi
245 3501 362 3564 ordinis
383 3503 558 3578 dignitatem
579 3503 722 3561 habuisse
743 3501 845 3573 refert,
867 3519 928 3575 qua
947 3500 1067 3577 quidem
1090 3519 1127 3558 ne
1150 3499 1241 3558 duces
1264 3499 1383 3575 quidem
1398 3519 1467 3577 pro·

141 3607 304 3666 vincianam
325 3621 429 3664 omnes
451 3604 550 3662 ornati
570 3602 694 3676 fuerint,
728 3603 782 3662 sed
804 3603 912 3660 summi
933 3608 1057 3659 tantum.
1098 3587 1247 3660 Videntur
1268 3601 1360 3676 igitur
1380 3619 1467 3678 prae·

140 3709 207 3768 fecti
225 3707 381 3785 legionum
403 3704 537 3764 eiusdem
559 3704 630 3778 fere,
652 3687 910 3780 euius'prioribus
933 3701 1062 3762 saeculis
1084 3701 1240 3780 dignitatis
1261 3701 1365 3759 fuisse.

218 3810 372 3868 Praesunt
397 3813 497 3866 autem
518 3806 607 3864 modo
628 3805 740 3882 legioni
760 3805 830 3878 toti,
857 3803 946 3864 modo
967 3804 1045 3880 parti
1068 3809 1199 3875 tantum,
1224 3801 1280 3862 toti
1302 3802 1329 3862 si
1349 3802 1466 3874 iisdem,

142 3911 216 3986 parti
231 3907 477 3985 sicompluribus
493 3909 601 3966 castris
616 3905 695 3983 legio
709 3907 850 3966 habetur:
865 3905 966 3989 itaque
981 3906 1039 3964 hoc
1053 3923 1171 3981 quoque
1185 3913 1318 3982 tempore
1331 3923 1393 3963 non
1407 3912 1467 3962 tam

141 4021 234 4071 certae
249 4011 379 4070 militum
394 4009 494 4068 manui
509 4027 599 4084 quam
615 4008 703 4067 certis
719 4009 826 4068 castris
840 4015 1072 4083 praeponuntur,
1086 4025 1141 4066 nec
1155 4015 1216 4064 tam
1231 4023 1318 4065 suum
1331 4024 1468 4082 quaeque

141 4112 216 4192 legio
235 4111 422 4192 praefectum
442 4110 542 4181 habet,
564 4128 654 4187 quam
677 4128 764 4168 suum
785 4127 921 4186 quaeque
942 4117 1050 4168 eastra.
1086 4106 1167 4166 Num
1182 4106 1379 4166 auxiliaribus
1393 4124 1467 4182 quo-

141 4233 196 4288 que
223 4214 448 4290 equitibusque,
473 4213 528 4287 qui
552 4211 667 4288 passim
694 4210 803 4270 iisdem
829 4210 907 4272 locis
936 4216 1219 4286 commemorantur,
1246 4205 1466 4282 imperaverint,

143 4316 302 4376 diiudicare
323 4333 384 4375 non
405 4313 517 4383 ausim3
539 4313 636 4390 magis
658 4320 757 4370 tamen
779 4299 954 4371 crediderim
976 4297 1093 4370 auxilia
1112 4311 1167 4384 illa
1186 4308 1309 4386 propria
1325 4306 1466 4366 habuisse

143 4424 237 4476 castra
258 4435 278 4475 a
297 4415 471 4493 legionariis
494 4415 629 4472 seiuncta
649 4415 846 4490 propriosque
862 4413 1061 4490 praepositos.
1097 4411 1135 4469 In
1149 4410 1259 4469 tabulis
1273 4409 1351 4466 enim
1366 4407 1465 4484 pictis,

143 4534 216 4592 qnae
243 4517 370 4594 singulis
398 4516 572 4574 notitiarum
598 4515 747 4592 capitibus
775 4513 952 4586 adiciuntur,
980 4511 1100 4589 saepius
1127 4511 1159 4568 in
1185 4510 1288 4581 eadem
1311 4507 1466 4584 provincia

144 4617 267 4680 diversis
292 4618 367 4679 locis
392 4617 526 4677 eiusdem
553 4616 682 4676 nominis
710 4616 770 4675 duo
798 4615 923 4680 castella
951 4614 1031 4691 picta
1056 4607 1299 4686 inveniunturt),
1327 4617 1360 4667 ut
1385 4615 1465 4667 recte
1487 4607 1492 4616 '

215 4877 239 4940 1>
268 4875 392 4929 Conferre
417 4877 494 4928 etiam
517 4877 599 4942 possis
617 4873 773 4943 praesectum
791 4874 898 4940 equitnm
912 4888 963 4940 pro
983 4871 1065 4939 tapeto
1084 4870 1174 4922 aetatis
1192 4871 1248 4921 fere
1265 4871 1400 4936 Augustae
1418 4868 1463 4920 Or.

144 4967 220 5020 3438.

216 5055 240 5122 ²)
268 5061 329 5112 Not.
350 5061 442 5112 orient.
460 5075 486 5124 p.
501 5061 559 5111 920
571 5065 638 5124 etg:
659 5057 829 5109 Constantina
847 5055 882 5117 (b.
902 5057 921 5115 d
941 5054 1059 5134 Amida);
1082 5053 1208 5124 occident.
1227 5070 1252 5118 p.
1268 5055 1301 5104 88
1322 5052 1351 5114 (f.
1371 5067 1387 5102 ο
1406 5052 1463 5102 Ma-

145 5149 250 5214 densa),
274 5149 309 5204 90
333 5153 533 5216 cTentiborgio
555 5151 573 5202 k
591 5149 754 5202 Teutibartio
773 5145 966 5212 (conuptum);
992 5148 1009 5198 d
1031 5146 1165 5211 Burgenas
1189 5169 1222 5182 -
1247 5161 1261 5196 r
1283 5140 1462 5208 Burgen[t]as;

147 5239 169 5299 (e
186 5259 210 5292 m
231 5243 343 5308 Cnosis);
364 5243 390 5306 (b
409 5245 419 5296 l
438 5242 581 5308 Corna00>3
601 5242 624 5306 (f
640 5259 657 5307 p
677 5240 814 5302 Aciminci)
835 5245 883 5291 cet.
