3620 6080
532 780 831 836 oesnavsrronss
850 783 968 837 ιιιιι.
986 785 1037 836 ιι.
1059 793 1063 799 ’
1373 778 1449 852 225

120 879 1449 912 ...m-w

117 952 247 1011 diversis
270 951 458 1010 diversarum
480 951 599 1010 urbium
621 960 651 1010 et
671 951 751 1029 apud
765 952 927 1030 Polybium
947 955 1106 1015 mirificum
1128 966 1186 1021 ιιι
1196 970 1227 1020 ιι
1245 981 1353 1039 paene
1364 969 1450 1030 dixe-

115 1052 172 1111 rim
182 1045 391 1124 incredibile,
420 1071 487 1112 cum
508 1053 536 1112 is
558 1069 725 1112 consensus
746 1060 826 1112 recte
848 1071 881 1112 sc
902 1055 1040 1114 habeat
1030 1075 1063 1114 ιιι
1083 1057 1208 1119 honoris
1231 1063 1449 1142 significatione

114 1154 252 1231 legitima
273 1153 473 1230 diuturnoque
495 1171 552 1212 usu
572 1159 702 1231 recepta
738 1153 857 1214 Deinde
878 1172 955 1230 quae
976 1157 1131 1216 attulimus
1153 1167 1319 1244 στρατηγοῦ
1339 1161 1448 1228 ὑπάτου

113 1252 251 1330 lapidum
279 1254 452 1312 testimonia
478 1263 595 1346 tantum
616 1255 715 1327 abest,
742 1263 775 1314 ιι
796 1255 1009 1348 appellativam
1031 1260 1139 1318 summi
1160 1260 1246 1323 ducis
1268 1267 1449 1331 mentionem

113 1354 291 1426 admittant,
323 1362 357 1412 ut
385 1339 538 1431 propriam
565 1355 758 1434 magistratus
788 1341 1060 1416 denominationem
1088 1364 1258 1422 necessario
1285 1370 1449 1444 requirant.
1535 1433 1538 1436 ,

112 1452 242 1538 Neque
246 1453 326 1513 enim
342 1454 441 1528 video,
463 1475 523 1532 quo
544 1457 610 1514 iure
630 1457 766 1531 posuerit
780 1457 1032 1534 Waddingtonius
1047 1458 1218 1521 Romanum
1238 1467 1451 1543 magistratum

111 1563 260 1613 mtsena
261 1572 297 1614 us
323 1555 450 1616 consult'
430 1564 469 1614 ιιι
492 1556 612 1632 quidem
632 1556 767 1634 legitima
787 1557 989 1634 appellatione
1011 1559 1161 1637 designari
1182 1563 1336 1640 debuisse,
1363 1573 1425 1630 at'
1416 1592 1449 1630 ιιι

112 1655 213 1714 titulis
236 1655 264 1713 ei
286 1655 460 1714 dedicatis
452 1657 587 1732 ipsisque
609 1657 747 1734 epistulis
769 1657 807 1714 ab
830 1674 865 1714 eo
888 1657 966 1716 datis
989 1661 1128 1720 sufficere
1148 1665 1277 1738 quodvis
1298 1689 1359 1728 non
1380 1691 1449 1750 pro·
1458 1675 1461 1680 ’

111 1757 212 1833 prium
234 1757 413 1816 vocabulum
434 1757 479 1814 rei
500 1766 612 1832 aptum.
650 1745 746 1816 Immo
768 1775 865 1834 neque
882 1756 1066 1818 Graecorum
1088 1779 1161 1820 usus
1184 1773 1214 1824 et
1234 1767 1329 1826 multo
1349 1773 1449 1832 minus

111 1855 292 1918 Latinorum
313 1857 452 1930 admittit,
475 1866 509 1916 ut
524 1875 630 1934 regem
651 1859 701 1916 vel
721 1857 873 1916 consulem
896 1859 944 1916 vel
966 1861 1130 1934 quemhbet
1147 1865 1275 1942 denique
1289 1873 1448 1946 magistra·

111 1967 178 2016 turn
200 1958 339 2018 enunties
360 1959 483 2036 proprio
505 1959 629 2016 honoris
651 1958 771 2016 nomine
794 1967 958 2045 suppresso
981 1960 1202 2039 substitutoque
1223 1966 1255 2024 in
1270 1968 1335 2028 eius
1350 1971 1448 2032 locum

111 2058 264 2118 vocabulo
290 2059 351 2118 alio
372 2059 411 2116 ιιι
433 2058 588 2117 arbitrium
610 2058 715 2118 electo.
758 2057 857 2132 Quam
878 2060 1001 2118 obrem
1024 2079 1090 2119 cnm
1112 2063 1186 2124 haec
1208 2047 1369 2143 explicatio
1390 2077 1448 2133 rei-

112 2159 222 2218 cienda
243 2146 293 2233 sit,
315 2159 500 2218 redeundum
521 2169 569 2218 est
590 2160 711 2216 omnino
733 2158 770 2216 ad
793 2177 885 2235 supra
905 2161 1090 2237 propositam
1112 2173 1143 2222 et
1163 2165 1327 2229 defensam.

137 2291 146 2328 ¹.
200 2257 262 2320 Sed
282 2269 398 2320 restant
419 2261 620 2319 dubitationes
642 2259 788 2336 quaedam
804 2250 1041 2337 Waddingtonii,
1063 2265 1173 2338 quibus
1190 2266 1251 2326 iam
1265 2273 1448 2348 responden-

112 2361 186 2419 dum
207 2369 268 2432 est3
290 2359 399 2438 dignae
420 2361 498 2420 enim
521 2369 592 2418 sunt
611 2360 714 2418 solida
725 2360 797 2418 eius
812 2361 870 2418 viri
889 2361 1033 2436 doctrina,
1056 2382 1148 2480 aqqo
1163 2367 1253 2427 etiam
1268 2371 1326 2429 ubi
1333 2372 1449 2454 discen

112 2463 184 2534 tias,
200 2479 319 2539 semper
329 2461 480 2539 proficias.
515 2461 652 2520 Primum
667 2461 748 2537 quod
762 2461 876 2520 monuit
890 2465 1054 2545 στρατηγοῦ
1068 2455 1177 2522 ὑπάτου
1193 2471 1374 2532 vocabulum
1388 2492 1448 2562 non

110 2562 243 2622 inveniri
263 2563 322 2621 nisi
343 2563 375 2622 in
395 2562 490 2622 titulis
512 2561 739 2639 proconsulum,
760 2579 821 2619 non
841 2563 1007 2635 consulum,
1029 2563 1128 2640 itaque
1143 2569 1224 2628 vices
1238 2569 1371 2631 facere'
1351 2557 1449 2634 ανῖιι-

111 2655 209 2720 πάτου
231 2663 372 2722 vocabuli
393 2673 501 2740 postea
522 2665 641 2722 demum
662 2661 833 2736 introducti,
854 2663 916 2722 id
907 2681 975 2739 ipsa
994 2684 1027 2723 re
1047 2665 1204 2740 refellitur,
1227 2671 1254 2728 si
1275 2679 1356 2732 recte
1356 2691 1449 2754 sup-

112 2765 267 2842 plevimus
283 2772 404 2822 senatus
420 2765 538 2824 consult
526 2773 588 2822 tum
603 2763 639 2822 de
653 2763 870 2823 Prienensibus
885 2771 915 2824 et
930 2762 1039 2826 Samiis
1056 2785 1083 2824 ι.
1096 2765 1155 2826 619
1179 2767 1222 2846 (p.
1241 2771 1324 2848 156)
1357 2775 1448 2836 Ριιι-

111 2876 200 2926 terea
225 2865 283 2924 etsi
310 2855 484 2922 ἀνθυπάτου
511 2841 689 2924 vocabulum
715 2867 890 2925 recentioris
917 2865 1043 2944 originis
1067 2877 1128 2940 est,
1156 2869 1235 2928 sicut
1259 2872 1359 2948 ipsum
1380 2894 1451 2956 pro·

113 2967 251 3027 consulis
280 2984 469 3081 nequaquam
497 2973 647 3026 vetustum
674 2975 736 3038 est,
763 2966 821 3025 dici
848 2967 947 3044 potuit
973 2974 1007 3025 ιι
1029 2986 1087 3043 pro
1116 2971 1229 3030 conscia
1252 2971 1379 3048 Latine,
1408 2977 1451 3036 ita

114 3061 275 3129 Graece'
257 3056 318 3123 acri
340 3068 504 3149 στρατηγοῦ
521 3056 629 3123 ιιπιτου
651 3067 699 3126 vel
720 3061 821 3126 ἄνθ’
804 3059 925 3124 υποῖτου.
963 3064 1053 3140 Quod
1074 3071 1127 3152 qtti
1147 3071 1357 3148 improbabant
1377 3083 1450 3136 tam·

113 3188 208 3248 quam
236 3167 373 3226 insolens
402 3174 432 3225 et
459 3186 478 3226 a
504 3165 622 3226 Graeco
650 3185 709 3227 usu
736 3169 915 3241 abhorrens,
945 3185 998 3226 eos
1026 3170 1168 3230 credibile
1195 3180 1242 3232 est
1269 3193 1330 3234 non
1358 3179 1450 3237 absti-

112 3271 221 3330 nuisse
242 3276 402 3346 propterea
423 3268 461 3326 ab
483 3247 564 3327 omni
584 3269 707 3346 proprio
728 3269 887 3340 vocabulo,
911 3268 965 3326 sed
987 3269 1159 3346 confugisse
1180 3274 1281 3348 potius
1303 3276 1341 3333 ad
1363 3255 1452 3336 usum

112 3378 197 3432 certe
220 3368 377 3429 Ciceronis
406 3377 503 3427 aetate
527 3369 619 3446 vulgo
646 3379 798 3446 receptum
825 3368 1019 3444 (Marquardt
1039 3369 1071 3426 in
1092 3372 1257 3432 enchiridio
1280 3375 1314 3448 3,
1339 3377 1366 3448 1,
1389 3376 1448 3435 277

113 3493 146 3531 n.
165 3471 272 3546 1909),Ι
294 3465 399 3546 ut'qui
420 3487 475 3546 pro
498 3470 620 3528 consule
642 3471 692 3528 vel
711 3489 767 3547 pro
789 3474 928 3546 praetore
949 3476 1039 3540 esset,
1061 3472 1171 3530 consul
1190 3481 1350 3550 praetorve
1372 3476 1453 3536 dice·

113 3583 210 3632 retur.
255 3568 337 3644 Quid
363 3571 445 3648 quod
471 3589 509 3629 ne
535 3570 572 3628 de
599 3577 734 3647 tempora
759 3569 877 3646 quidem
906 3569 980 3628 satis
1007 3577 1138 3643 constat,
1165 3590 1225 3648 quo
1247 3574 1310 3634 eius
1333 3577 1452 3652 generis

115 3647 266 3734 vocabula
296 3673 329 3730 in
362 3689 530 3730 sermonem
555 3670 697 3730 Latinum
728 3671 771 3729 ιιι
801 3667 1018 3746 reciperentur,
1050 3679 1084 3728 ut
1111 3673 1164 3746 qui
1191 3691 1247 3750 pro
1275 3676 1453 3754 magistratu

116 3782 209 3848 esset,
231 3774 259 3832 is
281 3771 414 3850 legitime
436 3773 631 3848 magistratus
652 3771 713 3831 dici
732 3789 793 3830 non
806 3777 919 3848 posset.
958 3769 1038 3832 Sane
1060 3771 1116 3830 etsi
1137 3791 1197 3832 non
1215 3774 1300 3836 licuit
1315 3775 1454 3838 Ciceroni
1550 3809 1553 3818 ·

116 3875 356 3953 aequalibusque
378 3873 442 3931 eius
463 3873 496 3931 in
517 3871 656 3948 epistulis
677 3870 874 3936 inscribendis
897 3871 1051 3930 consulem
1072 3873 1226 3948 appellare
1248 3878 1300 3952 qui
1314 3895 1369 3954 pro
1384 3898 1453 3939 con·
1500 3861 1504 3868 ⁴

117 3977 185 4036 aule
212 3983 310 4046 esset,
336 3973 407 4032 inde
435 3990 495 4032 non
516 3981 596 4033 recte
624 3973 749 4050 colliges
777 3971 857 4031 idem
884 3989 945 4029 non
971 3971 1097 4032 licuisse
1125 3971 1272 4036 Graeciae
1300 3977 1461 4040 liberatori·

119 4078 159 4136 T.
181 4075 364 4135 Flaminino.
758 4148 762 4155 .

205 4175 337 4236 Gravius
364 4184 425 4249 est,
452 4175 533 4252 quod
553 4183 710 4252 praeterea
731 4174 874 4251 opposuit
888 4173 1141 4251 Waddingtonius
1163 4175 1201 4252 (l.
1217 4195 1242 4234 c
1264 4179 1346 4238 etin
1366 4179 1454 4239 fastis

118 4277 294 4356 provinciae
315 4277 410 4336 Asiae
436 4295 466 4354 p.
484 4275 594 4352 etseq.
617 4275 663 4334 ed.
686 4274 840 4350 minoris),
867 4272 903 4334 0.
926 4273 1076 4333 Fannium
1099 4283 1268 4352 praetorem
1290 4297 1318 4336 a.
1335 4279 1394 4338 705
1422 4281 1454 4340 in

119 4379 253 4456 epistula
279 4379 317 4436 ab
343 4377 411 4454 ipso
437 4377 549 4454 scripta
569 4377 667 4435 relata
687 4376 767 4452 apud
788 4375 950 4452 Iosephum
972 4376 1066 4450 antiq.
1090 4377 1141 4448 14,
1160 4377 1268 4449 10,15
1290 4379 1349 4438 dici
1369 4368 1455 4463 στ’ρι-

118 4473 209 4556 τηγιν
236 4469 364 4544 dccccv,
388 4479 460 4536 item
487 4477 567 4552 apud
595 4475 722 4536 eundem
753 4476 807 4547 14,
831 4477 883 4548 10,
906 4475 924 4534 8
952 4474 1065 4534 Iulium
1096 4474 1206 4536 Gaium
1234 4479 1338 4538 nescio
1365 4498 1459 4556 quem¹

121 4580 257 4640 eiusdem
279 4578 387 4636 aetatis
408 4579 558 4637 homiuem
580 4577 761 4654 pariterque,
782 4585 816 4634 ιι
830 4576 956 4648 videtur,
977 4585 1119 4651 praetura
1139 4577 1311 4654 fungentem
1329 4581 1361 4638 in
1373 4581 1455 4658 epis·

120 4681 186 4740 tula
207 4697 263 4738 sua
284 4678 431 4755 appellari
452 4670 612 4760 στρατηγὸν
630 4667 739 4733 ὕπατον
758 4667 911 4743 Ῥωμαίων.
947 4675 1082 4734 Admisit
1095 4677 1346 4754 Waddingtonius
1362 4681 1456 4758 signi·

120 4778 206 4840 ficari
228 4780 273 4839 sic
294 4779 399 4838 ducem
420 4779 571 4838 exercitus
592 4776 676 4835 nulla
692 4775 1115 4834 honoris-commemoratione
1129 4776 1221 4850 iacta;
1244 4787 1276 4836 ιι
1291 4779 1322 4838 id
1337 4772 1456 4841 contra·

120 4883 199 4940 rium
221 4898 289 4940 esse
310 4879 519 4939 consuetudini
532 4863 687 4936 Romanae
708 4893 800 4952 supra
820 4875 949 4934 ostendi.
986 4873 1125 4952 Denique
1143 4878 1195 4954 qui
1209 4877 1356 4955 epistulae
1370 4901 1456 4960 prae-

122 4980 245 5058 scripsit
256 4981 314 5040 sic't
329 4968 540 5041 retrocedatur
550 4969 637 5036 Γαίου
653 4971 711 5038 uitis
725 4969 885 5058 σιραιηγδς
895 4966 1002 5035 ὕπατος
1012 4963 1239 5059 Κῴωνᾶρχιυσι
1252 4972 1374 5064 χιιριιν,
1389 4983 1470 5068 οιιιιΙ

121 5081 154 5140 ιι
175 5081 306 5142 nummis
329 5098 364 5138 eo
385 5079 453 5160 ipso
476 5095 554 5138 anuo
577 5077 702 5153 signatis
716 5071 935 5153 appelleturO.
950 5073 1113 5152 Fuc(atca)
1122 5077 1282 5155 prodesse)
1291 5081 1454 5160 armetur),

125 5201 191 5241 eum
213 5181 281 5259 quis
304 5179 433 5239 credet
424 5199 455 5238 ιιι
476 5179 531 5238 illa
550 5177 784 5268 praescriptione
805 5169 966 5258 crpcrqqiv
987 5193 1020 5236 se
1042 5175 1156 5238 dixisse
1169 5185 1323 5264 tamquam
1339 5182 1456 5256 ducem,
1484 5239 1490 5246 ,

123 5300 184 5342 non
208 5291 363 5358 tamqnam
388 5277 577 5358 praetorem?
620 5276 774 5355 Sequitur,
801 5284 835 5335 ut
855 5269 1015 5360 στριιηγὸι
1035 5265 1142 5338 ὕπατος
1162 5279 1194 5336 in
1213 5279 1296 5338 hisce
1318 5281 1455 5359 epistulis
1488 5312 1492 5318 ·

126 5383 246 5463 scriptis
256 5381 376 5500 ineunte
391 5379 510 5444 saeculo
526 5387 633 5440 octavo
647 5379 732 5438 aliud
746 5377 894 5458 significet
908 5383 998 5456 atque
1012 5377 1142 5478 vidimus
1157 5379 1349 5456 significare
1340 5399 1372 5440 ιι
1386 5382 1457 5442 titu-
1528 5421 1532 5428 ·

371 5505 375 5512 ·
1192 5479 1229 5539 16
