3654 6072
306 563 355 635 14
830 573 1104 627 anmruusnrs
1536 577 1631 628 orm

303 753 345 814 at
366 753 443 813 cista
463 769 551 811 aerea
571 769 667 828 nuper
687 748 850 809 Praeneste
871 755 1000 825 reperta,
1021 765 1102 806 nunc
1122 745 1237 805 Romae
1259 744 1339 822 apud
1359 744 1586 805 Martinettium.

428 1655 565 1737 Iuppiter
597 1653 721 1732 (tovos)
752 1653 784 1712 in
817 1653 893 1713 solio
924 1651 1034 1713 sedens
1066 1652 1190 1714 sinistra
1220 1654 1335 1714 fulmen
1366 1663 1462 1728 tenet,
1496 1655 1633 1714 dextram

387 1757 514 1836 imponit
539 1775 642 1816 umero
667 1756 792 1814 lunonis
821 1753 952 1831 (runo),
981 1772 1059 1831 qnae
1085 1756 1172 1814 iuxta
1199 1775 1267 1814 eum
1295 1763 1363 1815 stat.
1406 1757 1455 1814 Ab
1481 1757 1520 1816 iis
1548 1774 1634 1816 aver·

388 1878 441 1920 sus
468 1860 568 1919 adstat
587 1857 752 1917 Mercurius
774 1855 956 1932 (rusucvms)
978 1857 1074 1915 oculis
1096 1853 1135 1915 ad
1156 1856 1308 1929 dextram,
1334 1858 1466 1917 fortasse
1486 1857 1518 1915 iu
1538 1857 1634 1935 Apol·

387 1960 495 2034 linem,
528 1959 685 2031 coniectis,
716 1957 825 2016 dextra
855 1957 1018 2016 caduceum
1030 1957 1072 2034 (i)
1101 1961 1217 2016 tenens.
1267 1959 1357 2018 quta
1388 1967 1447 2018 stat
1476 1958 1634 2030 Hercules,

388 2061 475 2122 cuius
501 2080 610 2121 nomen
631 2065 733 2136 potest
753 2059 809 2120 snb
829 2059 965 2135 robigine
985 2058 1094 2131 latere,
1120 2059 1200 2136 pelle
1221 2059 1343 2118 leonina
1364 2061 1490 2118 amictus
1511 2060 1633 2118 etitem

388 2163 429 2224 ad
457 2163 594 2222 dextram
619 2179 791 2221 conversus.
834 2159 885 2218 Ad
911 2179 979 2218 eum
1002 2160 1124 2236 respicit
1148 2160 1261 2236 Apollo
1288 2160 1433 2236 (eroco),
1460 2160 1521 2230 sed.
1539 2161 1632 2219 disee-

388 2263 433 2323 dit
460 2272 612 2341 tamquam
637 2264 733 2322 iratus
740 2283 749 2334 3
779 2261 887 2320 dextra
914 2267 995 2321 tenet
1021 2261 1139 2320 laurum
1168 2279 1292 2338 eamque
1320 2261 1470 2322 Hercules
1497 2268 1631 2340 prensat.

387 2363 490 2424 Liberi
519 2364 656 2440 (tarsen)
687 2363 819 2436 barbati,
851 2363 903 2438 qui
929 2362 1087 2440 proximus
1115 2370 1177 2434 est,
1209 2363 1304 2422 iacies
1334 2381 1479 2440 expressa
1507 2371 1555 2422 est
1582 2361 1635 2420 ad-

388 2477 489 2539 versa,
516 2467 635 2526 videtur
659 2470 757 2524 autem
785 2482 862 2540 quae
887 2465 964 2523 fiunt
988 2483 1050 2522 non
1075 2465 1236 2524 attendere.
1278 2464 1369 2522 quta
1396 2484 1464 2523 eum
1486 2473 1533 2524 est
1554 2465 1634 2524 vitis.

388 2566 507 2627 Deinde
532 2567 667 2625 Victoria
698 2564 887 2641 (vrcronm)
924 2565 1063 2624 manibus
1095 2571 1205 2624 tractat
1234 2564 1345 2624 lineam
1376 2585 1395 2624 a
1426 2583 1486 2641 qua
1519 2565 1635 2642 globuli

389 2666 616 2745 (margaritael)
644 2667 707 2742 apti
733 2673 816 2738 sunt;
846 2667 932 2724 iuxta
955 2665 1038 2724 humi
1063 2665 1162 2724 iacent
1187 2665 1311 2741 clupeus
1338 2672 1368 2724 et
1391 2666 1487 2743 galea.
1533 2667 1635 2742 Prope
1738 2675 1741 2677 ’

388 2777 437 2828 est
461 2757 596 2826 Minerva
622 2765 805 2842 (mensave)
832 2767 930 2842 capite
955 2765 1053 2839 nudo,
1085 2783 1210 2844 corpore
1237 2767 1398 2840 inclinato,
1431 2767 1470 2825 ad
1497 2767 1636 2826 dextram

389 2887 550 2941 conversa,
582 2887 705 2927 manum
737 2868 874 2926 dextram
904 2869 1061 2945 imponens
1093 2868 1138 2926 ori
1165 2867 1271 2926 Martis
1297 2867 1426 2944 (rusus).
1475 2868 1508 2928 Is
1540 2869 1635 2928 multo

389 2971 503 3030 minore
517 2969 651 3030 ,modulo
676 2985 841 3046 expressus
868 2986 957 3044 quam
983 2969 1074 3028 ceteri
1101 2967 1221 3028 sinistra
1249 2977 1329 3028 tenet
1350 2970 1502 3046 clupeum,
1529 2969 1640 3029 dextra·
1666 3043 1672 3049 ἢ

388 3072 498 3148 proicit
517 3071 652 3143 hastam,
678 3069 804 3146 genibus
825 3070 933 3146 positis
954 3070 987 3128 in
1007 3071 1142 3146 margine
1164 3071 1244 3129 vasis
1265 3072 1367 3148 magni
1387 3070 1494 3130 crateri
1516 3070 1634 3130 similis.

388 3171 474 3232 Intra
495 3173 576 3249 quod
595 3190 672 3248 quae
693 3171 873 3230 exhibentur
893 3171 991 3230 lineae
1012 3173 1119 3230 mirum
1141 3171 1173 3230 in
1194 3173 1316 3230 modum
1337 3173 1465 3232 inflexae
1487 3173 1559 3248 quid
1576 3172 1635 3232 sibi

389 3273 492 3347 velint,
514 3292 576 3332 non
596 3273 787 3349 intellegitur.
825 3273 910 3332 Pone
925 3273 1092 3330 Minervam
1108 3272 1190 3331 volat
1210 3274 1336 3349 parvula
1346 3273 1482 3333 Victoria
1495 3273 1634 3347 taeniam,

389 3392 479 3451 quam
507 3375 645 3433 manibus
670 3382 766 3447 tenet,
795 3374 885 3452 capiti
913 3373 977 3432 eius
1005 3373 1192 3450 impositura.
1234 3374 1410 3434 Postremae
1438 3383 1509 3434 sunt
1533 3373 1636 3434 Diana

390 3475 514 3552 (uranu)
540 3475 669 3534 adversa
692 3475 769 3534 facie
795 3483 826 3534 et
853 3476 965 3547 otiosa,
993 3483 1023 3534 et
1048 3474 1182 3533 Fortuna
1203 3473 1378 3552 (rourvnu)
1403 3476 1504 3553 amplo
1525 3475 1635 3536 vestitu

389 3576 428 3635 ad
450 3577 603 3636 sinistram
625 3595 786 3648 eonversa;
808 3576 915 3635 dextra
936 3577 1002 3635 eius
1024 3585 1142 3652 sceptro
1163 3577 1310 3635 innititur.
1325 3609 1364 3620 -
1386 3578 1423 3637 In
1438 3577 1532 3636 limite
1547 3596 1634 3654 supe-

390 3678 470 3736 riore
491 3685 609 3756 praeter
630 3678 690 3736 alia
711 3687 887 3738 ornamenta
908 3675 1031 3736 Cerberi
1052 3678 1150 3737 forma
1169 3677 1249 3736 faeta
1270 3687 1325 3736 est.

307 3813 392 3874 Oista
414 3813 560 3890 singulari
581 3821 756 3888 argumento
778 3812 859 3890 quod
880 3813 1008 3872 incisum
1029 3821 1075 3871 est
1097 3820 1126 3872 et
1147 3814 1316 3872 nominibus
1331 3813 1491 3890 adscriptis
1506 3809 1634 3892 insignis

306 3933 374 3974 cum
394 3914 530 3991 robigine
550 3914 741 3972 vehementer
762 3921 899 3990 correpta
920 3923 1009 3987 esset,
1031 3914 1091 3972 iam
1109 3915 1152 3972 ita
1172 3924 1220 3973 est
1241 3914 1410 3987 emundata,
1432 3922 1465 3972 nt
1486 3934 1562 3992 quae
1582 3935 1635 3974 ex-

305 4033 414 4092 pressa
435 4023 504 4072 sunt
524 4014 598 4072 satis
621 4032 785 4092 agnoscere
806 4014 937 4090 potuerit
956 4014 1126 4091 Helbigius,
1149 4034 1331 4093 quamquam
1351 4015 1483 4075 fortasse
1504 4016 1635 4075 minores

306 4113 453 4194 quaedam
473 4132 522 4174 res
544 4114 640 4174 adhuc
661 4115 763 4174 latent.
799 4114 932 4175 Nomina
953 4124 1090 4174 accurate
1110 4118 1402 4193 repraesentavimus
1425 4135 1517 4194 supra
1537 4124 1568 4176 et
1587 4137 1635 4179 ar·

305 4225 479 4292 gumentum
500 4217 704 4275 enarravimus
725 4235 745 4274 a
765 4217 871 4276 dextra
890 4218 1085 4292 procedentes
1101 4217 1139 4275 ad
1154 4217 1316 4285 sinistram.
1352 4219 1634 4294 Interpretationem

305 4318 350 4377 rei
374 4324 478 4394 gestae
503 4318 540 4375 ab
566 4317 680 4375 artifice
707 4333 870 4394 expressae
895 4317 1080 4397 probabilem
1106 4337 1139 4378 se
1163 4337 1223 4377 non
1244 4319 1413 4398 repperisse
1435 4319 1538 4378 scribit
1559 4318 1635 4376 Hel·

305 4417 415 4495 bigius,
436 4419 484 4477 cui
505 4419 578 4476 haec
600 4419 701 4477 omnia
722 4419 873 4479 debemus.

307 4621 354 4682 22
374 4623 406 4682 in
428 4625 551 4700 speculo
572 4625 739 4686 Praeneste
759 4647 839 4704 rep.;
860 4629 1016 4704 possident
1036 4627 1195 4687 Pasinatii.

561 4757 653 4808 ,ratis
825 4762 897 4804 ΔΙΔΧ
1025 4762 1191 4806 MVMENA

525 4841 612 4891 semina
622 4853 694 4894 paene
803 4845 839 4886 air
852 4855 920 4886 arma-
1061 4846 1148 4895 semiue
1322 4845 1406 4888 silenus

535 4925 602 4975 auda,
616 4923 687 4967 cirum
813 4929 906 4970 inducas
1052 4939 1099 4968 cam
1114 4927 1163 4980 lyra

536 5007 642 5050 adiurans
658 5010 694 5060 qai
816 5007 819 5014 “
1050 5015 1072 5052 et
1082 5013 1167 5062 plectra

538 5100 603 5141 arma
617 5090 688 5133 induit

307 5189 346 5252 R.
367 5187 505 5254 Schoene
526 5192 578 5269 qui
597 5192 674 5253 vidit
695 5211 763 5252 ann.
786 5194 856 5254 inst.
879 5195 959 5254 arch.
984 5192 1064 5254 1870
1085 5215 1116 5274 p.
1132 5196 1191 5256 351
1204 5213 1250 5273 sq.
1272 5197 1333 5256 tab.
1348 5195 1469 5256 XXIV.
1484 5193 1586 5256 XXV.
