3654 6072
353 575 373 644 i
379 575 400 644 6
921 579 1103 634 mounsuu

1525 676 1681 684 *—

349 869 400 919 EX
422 861 690 918 ADNOTATIONE
708 859 867 909 METELLI
884 857 993 907 MANV
1011 856 1063 906 AD
1084 855 1223 907 CORPVS
1240 853 1386 905 EDITVM
1404 853 1682 906 MAZOCHIANVM

694 951 725 1000 F.
741 947 782 999 11¹
801 948 893 1009 (001).
911 948 996 998 VAT.
1017 947 1099 1008 8495)
1118 945 1337 998 ADSCRIPTA.

434 1077 499 1138 Ἡίο
520 1077 596 1136 liber
623 1075 797 1150 desumptus
823 1081 870 1130 est
896 1091 934 1129 ex
958 1069 1035 1128 libro
1062 1067 1227 1128 doctissimi
1252 1067 1429 1145 Mariangeli
1449 1068 1602 1140 Accursii,
1630 1068 1685 1144 qui

352 1183 409 1240 has
430 1178 640 1256 inscriptiones
662 1193 771 1252 magna
792 1191 858 1231 cum
875 1171 1028 1248 diligentia
1042 1169 1213 1244 exscripsit,
1236 1170 1289 1227 sed
1303 1170 1443 1228 librarius
1460 1169 1584 1228 vitiavit.
1618 1168 1685 1226 Alii

352 1293 451 1342 tamen
472 1279 605 1338 tribuunt
626 1295 678 1336 eas
699 1275 856 1333 Albertino
878 1272 997 1331 cuidam
1019 1270 1206 1342 Florentino,
1228 1271 1280 1346 qui
1301 1270 1512 1346 inscriptiones
1527 1269 1686 1328 Romanas

353 1404 391 1442 ex
413 1382 488 1459 ipsis
512 1380 595 1439 saxis
616 1379 647 1435 iu
669 1396 760 1434 unum
781 1376 923 1434 volumen
945 1372 1120 1449 collegeram
1143 1371 1195 1430 sed
1217 1380 1282 1430 erat
1299 1389 1403 1446 parum
1419 1370 1536 1443 doctus3
1558 1379 1592 1428 ut
1606 1370 1686 1428 mul·

353 1492 400 1544 tas
423 1484 488 1542 sine
508 1481 619 1540 iudicio
641 1479 799 1554 scripsisse
821 1473 983 1534 verisimile
1002 1472 1147 1544 videatur,
1169 1480 1313 1547 quantum
1336 1491 1374 1530 ex
1396 1472 1608 1548 antiquitatum
1623 1471 1686 1529 Ro·

353 1569 508 1644 manarum
528 1580 630 1640 libello
652 1597 741 1654 quem
763 1576 855 1635 edidit
875 1575 1016 1651 colligere
1037 1591 1208 1650 possumus.
1247 1575 1329 1632 Auta
1349 1573 1429 1631 hunc
1450 1573 1610 1630 nonnullas
1635 1592 1687 1631 ex·

354 1687 517 1762 scripserat
538 1681 683 1752 Blondus,
705 1679 820 1754 primus
843 1677 1053 1752 antiquitatum
1070 1676 1235 1734 restitutor.
1271 1674 1355 1733 Idem
1369 1674 1537 1753 Laqrentiii
1550 1673 1688 1733 Medices

354 1805 447 1846 suasu
473 1782 623 1861 praestitit
648 1779 801 1838 Iucundus
830 1779 1005 1836 monachus.
1054 1773 1122 1835 Hos
1155 1784 1297 1852 sequutus
1323 1775 1452 1834 Fulvius
1487 1793 1610 1851 quoque
1640 1782 1689 1834 cst

348 1897 453 1947 'aetate
480 1891 593 1943 nostra.
642 1881 740 1940 Porro
768 1885 868 1939 autem
895 1879 972 1936 varii
998 1878 1099 1938 varias
1128 1885 1354 1948 coacervarunt3
1387 1877 1641 1952 quemadmodum
1671 1896 1688 1934 e

354 1989 457 2048 multis
483 1975 695 2059 manuscriptis
721 1981 821 2052 libris,
850 1980 882 2037 in
909 1996 984 2055 quos
1013 1977 1187 2050 incidimus,
1215 1980 1346 2038 maxime
1375 1997 1413 2036 ex
1435 1977 1564 2054 quodam
1587 1977 1688 2036 cardi·

353 2090 431 2148 nalis
454 2086 618 2162 Carpensis
639 2083 741 2141 codice
752 2082 780 2158 1)
803 2089 833 2138 et
853 2093 893 2140 ex
915 2081 1009 2138 altero
1032 2077 1159 2138 Salviati
1180 2078 1382 2156 cardinalis²)
1404 2078 1686 2156 depraehendimus.

355 2191 406 2250 Ex
425 2191 474 2248 his
497 2185 636 2246 omnibus
657 2184 742 2242 libris
763 2182 821 2240 hoc
836 2182 975 2240 volumen
996 2181 1162 2240 conlectum
1185 2188 1239 2240 est.
1276 2181 1508 2240 Verumtamen
1531 2180 1689 2239 sciendum

355 2302 401 2353 est
425 2291 489 2349 Ioa.
512 2287 695 2357 Camertem,
721 2283 789 2344 Nic.
813 2280 1002 2359 Sipontinum
1028 2290 1059 2341 ct
1079 2283 1280 2358 Pomponium
1302 2281 1428 2340 Laetum
1454 2289 1552 2341 aetate
1578 2289 1691 2340 suaet

355 2399 460 2460 nostra
484 2389 643 2448 Iovianum
664 2387 835 2444 Pontanum
862 2383 997 2458 aliosque
1023 2383 1192 2458 complures
1220 2383 1393 2441 huiusmodi
1419 2383 1566 2458 quaedam
1594 2383 1692 2460 scrip·

356 2495 444 2564 sisse,
466 2499 495 2549 et
517 2497 549 2548 ut
569 2497 655 2549 erant
676 2485 862 2562 antiquitatis
884 2483 1078 2543 admiratores
1100 2483 1224 2542 maximi
1245 2492 1275 2542 et
1295 2484 1414 2556 aemuli,
1436 2499 1488 2542 eos
1502 2489 1576 2561 puto
1592 2484 1691 2542 multa

356 2596 438 2654 hisce
459 2593 584 2662 similia,
610 2597 643 2647 ut
663 2587 798 2646 indoctos
820 2585 974 2644 eluderent
995 2592 1025 2644 et
1045 2584 1149 2643 doctos
1171 2591 1333 2656 tentarent,
1355 2585 1555 2656 confinxisse,
1581 2584 1632 2642 vel
1657 2592 1690 2642 ut

354 2703 472 2774 gentem
500 2693 633 2770 aliquam
659 2696 800 2747 ornarent
827 2685 1015 2763 antiquitatis
1043 2685 1214 2744 testimonio
1241 2685 1290 2745 vel
1316 2687 1377 2744 alia
1405 2685 1442 2743 de
1468 2703 1577 2757 causa3
1604 2686 1690 2761 quod

357 2797 434 2855 alios
461 2811 579 2870 quoquc
606 2799 670 2849 tum
690 2788 805 2846 Romae
827 2795 890 2866 tum
916 2785 989 2845 alibi
1009 2787 1119 2846 fecisse
1141 2787 1219 2860 scio,
1246 2787 1377 2844 maxime
1397 2787 1429 2844 iu
1450 2787 1608 2862 Hispania.
1654 2787 1691 2846 Id

357 2905 457 2956 autem
483 2893 570 2952 facile
596 2897 773 2948 constater
795 2887 1004 2962 antiquitatum
1024 2889 1099 2946 libro
1121 2887 1302 2966 Ingolstadii
1322 2888 1416 2961 edito,
1442 2887 1527 2945 cuius
1550 2887 1690 2964 archety-

358 3017 431 3075 pum
458 2993 532 3070 (nisi
557 2989 685 3066 fallitur)
712 2988 824 3046 vidisse
850 3005 883 3046 se
904 2988 1059 3047 Bononiae
1086 2989 1237 3048 Antonius
1261 3007 1346 3046 meus
1374 2987 1594 3066 suspicatur3).
1639 2988 1690 3047 De

357 3093 611 3174 Hispaniensibus
632 3109 692 3148 non
714 3089 825 3146 dubito.
862 3080 934 3146 Vidi
956 3089 1034 3147 enim
1055 3089 1178 3148 Alfonsi
1192 3089 1326 3149 Taverae
1340 3089 1472 3166 Hispani
1491 3090 1602 3148 librum
1616 3089 1691 3148 His·

357 3197 531 3278 panicorum
559 3192 807 3270 epigrammatum
831 3189 969 3247 fictorum
990 3190 1213 3267 plenissimum,
1243 3210 1369 3267 quarum
1390 3199 1506 3268 partem
1527 3191 1559 3249 in
1580 3207 1690 3266 supra·

357 3293 437 3356 dicto
459 3295 560 3354 codice
583 3291 763 3353 Germanico
785 3298 890 3348 extare
910 3309 970 3348 uon
991 3291 1095 3366 ignoro
1105 3291 1146 3368 4).
1189 3291 1246 3351 Hie
1274 3291 1367 3368 igitur
1387 3291 1476 3349 fidem
1496 3299 1612 3350 tautum
1633 3293 1698 3356 ha-‚

357 3400 424 3471 beo,
446 3416 523 3474 quae
544 3393 695 3468 descripta
716 3399 786 3450 sunt
807 3411 845 3450 ex
866 3391 942 3467 ipsis
965 3393 1059 3464 saxis,
1081 3391 1160 3467 quod
1179 3393 1211 3450 iu
1227 3390 1363 3468 Gallicis,
1385 3391 1560 3470 Hispanicis
1583 3393 1689 3452 etIta·

356 3499 424 3559 licis
445 3499 603 3574 episcopus
625 3494 746 3570 quidam
760 3492 943 3570 Ragusiuus,
964 3493 1017 3567 qui
1031 3492 1147 3551 Romae
1167 3500 1303 3552 mortuus
1324 3501 1371 3551 est
1387 3491 1557 3566 00DXLV,
1579 3511 1690 3572 magua

356 3599 545 3680 praestitisse
559 3595 713 3674 diligentia
728 3593 889 3669 dicitur⁵):
911 3593 943 3650 in
957 3591 1102 3651 Romanis
1117 3593 1264 3672 Mariang.
1280 3593 1456 3665 Accursius,
1472 3593 1548 3652 etin
1562 3593 1688 3669 (Roma-

358 3751 562 3764 .....-..-.---

436 3846 459 3906 l)
487 3845 556 3896 Vide
575 3858 651 3908 supra
669 3859 695 3906 p.
709 3845 797 3893 70.-
819 3843 938 3893 Ceterum
950 3843 1081 3894 Manutius
1100 3843 1145 3892 uhi
1162 3843 1329 3894 citatlibrum
1343 3843 1507 3908 cti-pensem,
1527 3845 1687 3896 noqueun-

358 3939 464 3988 dianum
482 3936 575 3990 librum
595 3935 728 3984 aMetello
746 3935 890 3998 expilatam
908 3933 1042 4000 intellegit,
1062 3933 1108 3984 sed
1126 3935 1241 4000 syllogen
1254 3936 1375 4000 scriptam
1388 3935 1487 3997 Smetii,
1507 3949 1582 4000 quem
1596 3943 1687 3992 notum

360 4035 399 4078 est
417 4027 542 4080 cardinali
559 4025 672 4076 Rudolfo
691 4025 743 4078 Pio.
761 4021 838 4088 Carpi
856 4039 903 4088 per
920 4039 944 4074 a.
960 4025 1139 4076 1545-1551
1159 4040 1175 4075 a
1193 4041 1272 4076 mauu
1288 4025 1377 4084 inisse.

434 4115 460 4181 ⁹)
487 4119 520 4168 Iu
538 4117 626 4168 codice
644 4116 744 4166 Metelli
762 4117 823 4166 Vat.
842 4116 913 4166 6039
935 4122 995 4181 post
1013 4121 1134 4180 excerpta
1153 4116 1294 4182 Oarpensia
1312 4123 1452 4182 sequuntur
1469 4115 1488 4166 f.
1501 4109 1656 4170 did—329
1666 4134 1687 4168 r.

358 4212 410 4260 alia
425 4201 467 4260 ‘ex
487 4209 544 4259 cod.
564 4207 634 4258 card.
654 4198 781 4260 Salviati'.
1143 4187 1146 4192 ’

435 4299 460 4362 ⁸)
487 4300 665 4364 Archetypum
690 4297 740 4346 hoc
764 4297 833 4361 quod
858 4297 951 4346 dicitur
974 4297 1089 4362 syllogus
1108 4297 1228 4362 Apianae
1252 4313 1299 4362 ego
1319 4313 1420 4364 quoque
1440 4298 1493 4347 vidi
1512 4305 1573 4349 aute
1591 4300 1690 4364 aliquot

359 4409 441 4443 anuos
459 4392 594 4442 Bononiae
618 4389 790 4438 bibliothecae
807 4387 925 4452 publicae
944 4389 1059 4438 oblatum
1079 4389 1227 4451 emendum
1253 4395 1279 4438 at
1297 4405 1359 4439 mox
1378 4390 1536 4454 deprehendi
1554 4389 1582 4438 id
1601 4391 1689 4456 paucis

357 4485 432 4534 annis
450 4489 510 4547 post
529 4482 625 4532 editum
645 4481 776 4544 Apianum
796 4478 889 4541 (1534)
909 4494 942 4528 ex
960 4479 1017 4544 ipso
1035 4479 1101 4528 libro
1121 4480 1189 4544 typis
1209 4481 1312 4544 vulgato
1331 4481 1486 4545 descriptum
1506 4495 1575 4543 esse,
1600 4488 1630 4530 ut
1647 4496 1686 4532 ar·

357 4575 459 4638 chetypi
482 4574 593 4638 speciem
617 4586 679 4637 prae
698 4585 725 4620 se
743 4571 830 4620 ferret.
867 4569 955 4620 Minus
973 4570 1069 4634 peritos
1087 4569 1163 4620 facile
1181 4571 1265 4634 fallet3
1289 4571 1360 4620 fraus
1378 4577 1463 4624 tamen
1484 4579 1555 4636 patet
1573 4573 1685 4622 maxime

357 4666 384 4714 in
408 4665 534 4725 hiatibus,
560 4679 623 4728 quos
649 4677 706 4712 cum
725 4661 832 4726 Apiana
849 4661 947 4724 sylloge
965 4661 1080 4710 iudicare
1099 4662 1182 4711 soleat
1199 4645 1288 4711 fractis
1306 4663 1374 4726 typis
1392 4663 1437 4723 iis,
1463 4664 1507 4726 qui
1524 4663 1593 4712 forte
1611 4669 1684 4726 typo·

357 4755 442 4804 thetae
465 4755 543 4817 primi
565 4768 592 4802 se
615 4753 748 4814 offerrent,
774 4753 801 4801 in
825 4751 914 4802 codice
939 4751 985 4801 illo
1006 4753 1057 4816 ipsi
1078 4753 1116 4801 illi
1141 4751 1197 4816 typi
1215 4751 1290 4802 fracti
1310 4759 1449 4802 cernuntur
1466 4767 1483 4802 a
1500 4753 1607 4812 librario
1625 4752 1683 4802 reli·

356 4845 429 4909 glosa
454 4844 556 4908 depicti.
595 4843 725 4894 volumen
748 4858 810 4892 num
835 4843 961 4892 invenerit
983 4849 1073 4908 postea
1098 4849 1256 4907 emptorem,
1282 4844 1327 4908 qui
1345 4857 1376 4893 eo
1396 4844 1480 4908 decipi
1500 4859 1527 4894 se
1545 4849 1682 4909 pateretur,

357 4935 457 4998 ignoro.

433 5021 458 5085 4>
487 5025 521 5074 V.
539 5023 662 5072 Huebner
680 5024 709 5074 Π
726 5039 751 5088 p.
765 5025 801 5074 X.

435 5111 458 5174 ⁵)
486 5113 629 5178 Episcopus
641 5113 786 5178 Ragusinus
798 5113 949 5178 Pamphilus
962 5114 1124 5166 Strassoldus
1143 5115 1187 5180 qui
1206 5115 1270 5165 obiit
1282 5114 1381 5165 Romae
1400 5130 1424 5164 a.
1436 5114 1506 5166 1545
1526 5129 1579 5165 non
1592 5113 1682 5165 litteris

358 5203 458 5266 claruit,
477 5202 523 5281 sed
541 5205 627 5265 armis,
648 5211 770 5270 quantum
790 5204 894 5269 quidem
913 5205 992 5255 refert
1009 5205 1137 5257 llarlatius
1157 5206 1230 5271 Illyr.
1249 5220 1314 5258 sacr.
1334 5205 1359 5268 6,
1375 5205 1436 5256 225.
