3620 6080
1028 930 1056 990 2.

460 1047 643 1131 Fragmenta
663 1051 774 1112 effossa
796 1051 835 1110 ad
855 1057 975 1128 portam
994 1050 1066 1110 circi
1080 1049 1228 1109 Maxentii
1243 1049 1283 1108 ad
1299 1050 1376 1109 viam
1390 1051 1533 1128 Appiam,
1554 1050 1605 1130 ubi
1615 1069 1688 1112 muro
1743 1097 1745 1102 ,

377 1157 491 1216 inserta
511 1155 609 1213 adhuc
631 1163 797 1212 servantur.
834 1151 991 1212 Pertinent
1011 1151 1049 1210 ad
1070 1151 1283 1228 inscriptiones
1305 1151 1380 1212 (luas
1397 1171 1416 1210 a
1429 1151 1565 1228 partibus
1578 1161 1688 1212 externa

375 1269 405 1316 et
429 1258 546 1316 interna
565 1261 670 1332 portae
692 1254 763 1312 olim
785 1253 895 1314 affixus
915 1253 959 1312 ita
980 1253 1144 1324 librantes,
1166 1257 1200 1311 ut
1223 1271 1312 1316 unam
1334 1260 1449 1312 tanturn
1467 1252 1605 1331 Nibbyus
1621 1272 1688 1313 eom-

374 1376 485 1436 ponerc
506 1357 643 1434 potuerit.
1521 1335 1527 1344 ’

859 1471 935 1515 nivo
951 1470 1085 1514 rouvre
1101 1473 1173 1515 run
1188 1452 1235 1514 ·v'

900 1571 961 1616 cos
974 1572 1058 1629 goar.
1072 1574 1089 1614 u
1103 1571 1182 1615 risio

857 1677 877 1717 n
889 1675 939 1716 ·rs·
950 1673 1096 1718 narsum
1109 1673 1222 1716 ruvrcr·

856 1787 883 1818 ae
907 1782 991 1829 perper.
1019 1775 1082 1820 AVG
1110 1774 1227 1822 ΝΕΡΟΤΙ,

713 1886 715 1892 ·
791 1882 802 1920 s
855 1878 910 1918 srvi
935 1861 1093 1922 marucini
1114 1891 1120 1904 ·
1143 1876 1221 1919 san·

856 1979 885 2019 ιτ
913 1993 920 2007 ·
947 1979 1007 2022 nivi
1038 1947 1170 2020 masimissa
1200 1979 1224 2019 a

857 2079 950 2124 neonis
972 2094 978 2107 ·
1001 2079 1083 2122 ac...

330 2317 332 2322 ·
374 2281 431 2340 Ed.
454 2261 558 2354 Nibby
584 2277 631 2334 del
657 2279 731 2334 circo
757 2268 946 2352 colpus-'ruente
971 2269 1045 2331 detto
1068 2273 1099 2330 di
1122 2271 1279 2332 Caracalla
1298 2263 1397 2332 Roma
1414 2259 1502 2333 '1825
1528 2275 1589 2350 p.9
1615 2274 1686 2350 (inde

344 2389 347 2396 '
375 2379 544 2440 Kanstblatt
564 2378 613 2437 des
629 2375 835 2452 Morpenblatts
853 2371 931 2433 1826
954 2393 983 2432 n.
1000 2373 1038 2432 69
1062 2392 1100 2431 ex
1123 2391 1221 2450 eoque
1241 2371 1447 2452 Orelli-1069)
1471 2385 1502 2434 et
1521 2395 1568 2435 vv.
1584 2375 1600 2432 3
1619 2375 1686 2452 prio·
1719 2403 1723 2415 ·

374 2499 423 2542 res
450 2458 636 2557 Borghesiusl
662 2477 819 2554 Antclopia
844 2475 967 2554 italiana
992 2473 1077 2554 1875Ι
1099 2484 1119 2532 t.
1139 2473 1176 2532 18
1202 2494 1231 2551 p.
1249 2475 1298 2534 94.
1346 2475 1522 2554 Descripsit
1545 2475 1580 2536 de
1599 2477 1686 2545 Romi,

374 2583 489 2644 contuli
508 2582 584 2660 ipse.
851 2645 854 2652 Δ
1324 2652 1327 2658 ,
1401 2581 1432 2662 ¹.

416 2683 537 2744 Titulus
569 2687 686 2757 spectat
716 2679 755 2738 ad
785 2678 826 2737 M.
852 2661 1008 2738 Valerium
1037 2677 1199 2737 Romulum
1219 2667 1326 2760 'filium
1350 2679 1518 2756 Maxentii,
1548 2697 1606 2738 cos.
1633 2679 1685 2736 ord.

374 2804 441 2850 oum
457 2765 552 2861 ¹patre
579 2773 666 2840 annis
687 2778 747 2838 308
770 2787 800 2838 et
821 2779 896 2853 309,
929 2777 954 2838 ε
974 2775 1033 2855 (juo
1060 2779 1191 2838 dedicati
1218 2779 1374 2838 Maxentio
1403 2781 1484 2856 patri
1512 2787 1542 2840 et
1563 2779 1685 2838 Valeriae

373 2883 560 2944 Maximillae
587 2883 675 2940 matri
701 2887 805 2938 extant
830 2879 909 2938 tituli
934 2880 986 2938 alii
1011 2879 1071 2938 duo
1098 2879 1241 2955 (Henzen
1263 2880 1353 2940 5570.
1375 2880 1483 2958 5571).
1528 2881 1685 2941 Decessisse

321 2979 323 2986 “
373 2986 491 3045 visatur
515 2983 635 3060 inipso
658 2981 817 3042 consulatu
838 2981 933 3058 artem
957 2980 1086 3056 messer
1106 2981 1135 3053 a,
1151 2981 1205 3054 593
1232 2965 1381 3059 Borghesi
1402 2982 1472 3060 opp.
1492 2984 1560 3062 ap.
1578 2981 1644 3058 155)
1662 2989 1686 3038 a

364 3095 393 3146 'a
413 3095 498 3163 patre
519 3084 607 3143 divus
630 3082 801 3160 appellatus
824 3101 859 3144 ac
878 3082 999 3164 templo⁸
1007 3082 1172 3142 honoratus
1187 3089 1235 3142 est
1255 3083 1383 3158 (llckhel
1398 3084 1418 3142 l.
1434 3101 1459 3142 e.
1466 3105 1477 3156 3
1500 3084 1537 3144 cs.
1560 3085 1595 3144 (le
1608 3082 1685 3142 Rossi

375 3181 456 3246 Ball.
478 3189 557 3244 crist.
580 3187 598 3245 5
624 3204 654 3261 p.
671 3183 710 3243 66
722 3182 836 3261 seqq.):
863 3183 942 3242 unde
967 3183 1086 3242 litterae
1112 3183 1278 3263 singulares
1304 3203 1380 3260 quae
1406 3193 1477 3244 sunt
1504 3186 1535 3244 in
1559 3183 1615 3244 tine
1633 3183 1682 3240 al

357 3277 561 3367 'explicantur
582 3285 639 3344 sic:
666 3287 822 3344 uossza'ssma
839 3303 959 3346 nemina
973 3302 1034 3344 vna
1053 3317 1094 3328 -
1121 3284 1335 3362 Fragmentum
1356 3286 1389 3344 id
1410 3287 1492 3362 qnod
1513 3304 1568 3346 nos
1587 3283 1684 3353 rettuli·
1770 3345 1771 3348 ,

372 3407 440 3449 mus
455 3388 499 3447 ad
521 3407 549 3446 v.
567 3389 584 3447 5
599 3388 650 3460 in,
674 3387 759 3466 ¹liin,
782 3385 929 3462 ipriores
952 3387 1030 3446 male
1050 3369 1228 3446 rettulerunt
1247 3387 1285 3448 ad
1306 3408 1335 3447 v.
1352 3388 1380 3446 4.
1396 3387 1425 3447 5.
1443 3388 1472 3460 6,
1495 3395 1529 3447 nt
1541 3387 1647 3448 litterae
1658 3401 1682 3442 vr

372 3497 442 3550 ante
463 3505 537 3561 avo,
560 3494 856 3548 r·arvranteax1ra
877 3487 1108 3561 collocarentur;
1135 3506 1195 3565 quo
1218 3472 1350 3548 admisso
1372 3497 1437 3548 tota
1456 3488 1546 3548 lectio
1566 3499 1682 3566 pessun-

373 3579 444 3651 data
469 3598 530 3662 est,
556 3608 624 3648 oum
645 3589 705 3647 iam
727 3589 827 3647 omnia
846 3589 939 3665 plana
960 3589 1021 3647 sint
1041 3599 1071 3646 et
1090 3589 1179 3648 facile
1198 3589 1420 3666 intellegantur.
1462 3589 1631 3648 Maxentius
1649 3591 1683 3645 ia·

372 3697 462 3752 actua
484 3699 510 3749 et
527 3689 681 3767 perpetuus
696 3689 844 3766 Aequales
864 3688 976 3749 dicitur
995 3689 1068 3764 item
1089 3690 1121 3748 in
1142 3690 1230 3749 titulo
1246 3688 1299 3751 Or.
1317 3691 1395 3749 1077
1402 3711 1411 3764 3
1434 3689 1583 3750 Romulus
1599 3697 1682 3746 autem

372 3809 466 3868 nepos
488 3791 544 3849 fuit
564 3809 624 3849 non
647 3790 745 3849 solum
765 3789 941 3850 Maximiani
963 3791 1090 3850 senioris
1111 3792 1207 3868 patris
1227 3787 1383 3863 Maxentii,
1406 3793 1459 3850 sed
1481 3792 1571 3852 etiam
1585 3786 1682 3850 Galerii

371 3891 549 3953 Maximiani
569 3891 693 3949 iunioris
715 3891 1018 3968 patris-Maximillae
1040 3892 1155 3965 matris,
1176 3892 1229 3969 qui
1249 3892 1280 3951 in
1300 3893 1428 3954 nummis
1449 3911 1537 3954 aecer
1554 3887 1681 3954 Maxentii

373 3995 483 4054 dicitur
503 3999 533 4052 et
554 3991 639 4052 divus
663 3991 825 4068 (aethela
848 4011 876 4069 p.
894 3991 957 4067 38).

933 4241 1135 4253 m

1022 4464 1050 4522 3.

326 4594 329 4599 ·
454 4584 574 4644 Tabula
601 4573 815 4642 terratribus
842 4581 971 4660 fastigiis
998 4592 1118 4653 ornata,
1136 4582 1180 4657 ,in
1205 4584 1316 4659 quibus
1344 4585 1414 4644 hinc
1442 4583 1588 4661 secespita
1611 4579 1678 4639 illine

328 4763 330 4768 Ι
370 4691 484 4759 patera,
505 4686 656 4744 intereas
678 4691 814 4759 protome
835 4681 883 4741 dei
905 4668 1104 4764 Solis'radiis
1125 4691 1269 4744 coronata
1288 4685 1422 4763 sculptae
1443 4694 1521 4744 sunt.
1554 4683 1589 4742 In
1607 4687 1677 4758 parte

322 4828 326 4833 .
370 4781 490 4858 postica
509 4784 600 4841 habet
619 4783 808 4846 manubrium
829 4784 950 4844 mobile.
990 4785 1150 4862 Inscriptio
1171 4792 1298 4844 exarata
1319 4795 1366 4845 est
1384 4786 1491 4845 litteris
1512 4765 1676 4844 satiaberis

368 4871 467 4956 neque
493 4891 593 4940 tamen
612 4865 680 4942 'alte
705 4878 810 4944 inc'isis
832 4884 951 4950 ‚saeculi
975 4885 1039 4945 iere
1067 4885 1190 4944 secundi
1216 4886 1355 4945 exeuntis
1376 4887 1426 4945 vel
1449 4885 1577 4964 ineuntis
1601 4877 1674 4938 tertii.

370 4978 491 5039 Tabula
515 4997 696 5062 quamquam
721 4984 838 5044 Romae
864 4971 984 5068 reperta
1009 5003 1076 5046 esse
1102 4985 1220 5060 dicitur,
1246 4993 1361 5060 maren,
1388 4991 1455 5070 cum
1479 4984 1627 5060 inscriptio
1644 4976 1675 5036 ad

371 5077 490 5139 Ostiam
510 5081 659 5158 pertinere
680 5084 825 5159 videatur,
846 5087 949 5146 neseio
971 5105 1010 5145 an
1030 5083 1135 5146 Ostiae
1155 5087 1257 5162 potius
1278 5086 1391 5146 effossa
1410 5087 1442 5146 in
1462 5088 1616 5161 urbemque
1634 5077 1674 5136 (le-

368 5179 433 5258 lata
452 5180 502 5239 sit.
538 5177 722 5242 servabatur
741 5183 857 5244 Romae
878 5188 959 5262 apud
978 5187 1185 5246 Alexandrum
1206 5165 1434 5262 Castellanium,
1454 5205 1474 5245 a
1493 5203 1552 5262 quo
1571 5184 1599 5242 in
1618 5177 1672 5238 Eri·

370 5279 502 5340 tauniam
523 5279 624 5342 delata
643 5283 675 5342 in
696 5291 832 5346 museum
853 5285 1058 5350 Britannicum
1078 5273 1266 5368 fleripotest
1286 5287 1399 5349 utiam
1420 5285 1577 5348 transierit.
