3654 6072
325 545 380 618 70·
462 605 474 625 .
897 558 1079 615 uouusan

322 735 486 795 Evidenter
508 733 726 794 Gutenstenius
753 734 827 792 baec
847 731 1006 809 descripsit
1026 751 1066 790 ex
1086 732 1154 807 ipso
1175 732 1229 790 illo
1251 733 1305 809 qni
1326 733 1423 792 adhuc
1445 740 1530 792 extat
1551 733 1654 792 codice

322 837 436 896 Metelli
457 856 486 896 n.
503 835 599 905 60593
628 851 698 892 nam
723 834 800 892 alter
824 853 853 892 n.
871 833 951 892 6038
975 833 1013 890 ab
1036 833 1184 910 exemplis
1208 832 1455 893 Gntenstenianis
1477 835 1568 892 etiam
1590 833 1655 892 lon·

322 938 389 1014 gius
415 937 536 996 recedit
583 933 756 1010 Descripsit
783 943 882 992 autem
910 933 966 1005 ita,
1001 941 1036 991 ut
1060 942 1180 1010 praeter
1207 935 1325 993 minora
1350 935 1382 992 in
1409 935 1505 993 altera
1531 935 1657 993 adderet

321 1038 481 1098 formulam
508 1037 730 1108 dedicatoriam,
760 1035 791 1093 in
817 1035 912 1094 altera
936 1033 1054 1094 duobus
1080 1035 1157 1094 locis
1186 1053 1341 1094 numerum
1368 1035 1494 1108 dicrum,
1527 1053 1657 1111 quorum

322 1147 460 1197 neutrum
481 1137 512 1196 in
534 1137 596 1195 ullo
616 1139 722 1195 horum
744 1135 897 1195 titulorum
916 1135 1092 1212 apographo
1107 1143 1260 1213 comparet
1274 1144 1393 1211 praeter
1407 1135 1656 1196 Gutensteniana.

322 1239 370 1298 Ea
389 1239 482 1317 igitur
503 1245 687 1298 commentus
709 1247 756 1296 est
777 1256 829 1312 per
849 1255 881 1294 se
896 1237 1024 1296 innocua
1039 1246 1069 1296 et
1083 1237 1164 1308 vilia,
1186 1237 1239 1296 sed
1255 1235 1294 1294 ad
1308 1235 1442 1294 fraudem
1458 1235 1656 1312 detegendam

198 1368 200 1374 ·
322 1357 384 1398 non
398 1339 497 1398 minus
512 1345 583 1417 apta
596 1355 686 1414 quam
701 1337 848 1398 Hercules
863 1337 959 1396 victor
973 1337 1138 1396 honoratus
1153 1339 1191 1398 ab
1205 1337 1385 1414 imperatore
1397 1335 1620 1396 Valentiniano.
1634 1329 1639 1340 '

303 1481 304 1484 η
409 1439 436 1499 3.
475 1436 570 1498 Tituli
591 1457 652 1498 non
673 1439 717 1497 ita
735 1439 823 1514 pauci
846 1437 984 1516 leguntur
1006 1437 1086 1515 apud
1109 1436 1272 1498 Gruterum
1294 1457 1362 1496 eom
1384 1438 1659 1514 subscriptionibus

322 1541 437 1600 formae
458 1540 605 1611 diversae,
633 1540 722 1598 modo
748 1535 795 1598 ‘ex
817 1539 931 1598 Metelli
959 1539 1077 1602 schedis
1101 1533 1336 1612 Gutenstenius’,
1363 1539 1452 1598 modo
1472 1535 1659 1598 ‘Metelluse

322 1641 424 1700 codice
444 1641 546 1708 fratris
569 1635 713 1712 Iucundi’,
735 1642 823 1700 modo
843 1638 994 1700 ‘Metellus
1015 1661 1031 1699 a
1054 1643 1259 1718 manuscripto
1281 1641 1383 1700 codice
1404 1641 1567 1700 cardinalis
1583 1639 1660 1700 Oar-

322 1737 443 1817 pensis’,
474 1759 550 1818 qnae
578 1741 814 1816 subscriptiones
841 1741 952 1801 dudum
982 1743 1169 1823 intellectum
1198 1751 1246 1802 est
1272 1743 1448 1818 plerumque
1474 1751 1553 1802 certe
1577 1741 1659 1800 idem

323 1841 509 1920 significare,
536 1843 568 1901 id
595 1849 641 1901 est
662 1843 781 1902 titulum
804 1862 843 1900 ex
866 1842 968 1902 codice
990 1843 1091 1902 fratris
1113 1843 1240 1902 Iucundi
1263 1851 1383 1902 servato
1405 1853 1467 1902 tum
1491 1843 1572 1920 apud
1593 1862 1661 1902 car·

322 1943 452 2002 dinalem
486 1942 669 2019 carpensem
698 1943 850 2002 Metellum
882 1943 1099 2020 descripsisse,
1134 1943 1367 2004 Gutenstenium
1398 1963 1503 2005 rursus
1536 1945 1661 2004 misisse

322 2062 362 2101 ex
388 2041 579 2102 Metellianis.
624 2043 767 2103 Versavit
792 2044 884 2121 igitur
913 2043 1130 2105 Gutenstenius
1159 2053 1303 2123 excerpta
1323 2045 1497 2104 Metelliana
1523 2046 1585 2106 iam
1613 2047 1660 2106 in·

323 2151 402 2203 serta
424 2145 519 2202 codici
534 2143 680 2204 Vaticano
696 2145 776 2204 6039
799 2165 828 2222 p.
845 2145 915 2206 242.
932 2145 1106 2206 309-328.
1124 2146 1184 2206 369
1208 2145 1250 2204 sic
1271 2146 1416 2224 inscripta
1436 2143 1483 2206 ‘ex
1502 2147 1581 2205 libro
1596 2148 1660 2224 epi-

322 2254 521 2321 grammatum
547 2265 638 2306 manu
664 2245 842 2323 scriptorum
871 2265 974 2306 reeens
995 2247 1154 2306 cardinalis
1177 2243 1367 2324 Oarpensis’:
1397 2266 1473 2324 quae
1495 2267 1563 2307 eum
1584 2249 1661 2307 olim

322 2342 541 2422 perlustrabam
562 2347 692 2406 iudicavi
713 2355 858 2424 excerpta
878 2367 946 2410 esse
967 2368 1007 2408 ex
1028 2347 1193 2426 exemplari
1215 2349 1317 2426 aliquo
1340 2367 1530 2426 nequaqnam
1544 2350 1662 2410 eximio

323 2447 458 2522 corporis
485 2447 674 2507 Iucundiani.
719 2449 816 2507 Velim
846 2457 945 2508 tamen
975 2451 1142 2509 accuratius
1171 2449 1392 2522 examinentur,
1421 2469 1482 2508 non
1516 2470 1576 2528 quo
1605 2471 1662 2529 per

324 2563 357 2604 se
384 2545 543 2608 utilitatem
569 2547 712 2620 habeant,
743 2551 797 2608 sed
822 2555 855 2609 ut
879 2551 1073 2630 intellegatur
1098 2549 1316 2612 Gutenstenius
1348 2551 1419 2628 quid
1444 2553 1514 2612 inde
1539 2553 1661 2614 trahere

324 2648 463 2722 potuerit.
506 2647 670 2725 Braeterea
696 2663 805 2727 corpus
828 2651 1056 2710 Mazochianum
1078 2652 1252 2712 adnotatum
1274 2671 1293 2710 a
1314 2653 1436 2712 Metello
1462 2672 1499 2712 eo
1524 2661 1661 2730 tempore

325 2755 477 2806 servatum
499 2748 580 2824 apud
594 2745 754 2808 Horatium
777 2751 906 2822 aValle,
928 2771 1015 2830 quem
1037 2751 1067 2811 id
1087 2751 1128 2811 ‘ut
1149 2763 1179 2813 et
1200 2745 1268 2813 alia'
1288 2753 1487 2814 Guteustenio
1510 2755 1662 2816 obtulisse

326 2844 475 2907 Gruterus
501 2849 615 2921 scribit,
638 2849 703 2908 sine
724 2851 816 2910 dubio
837 2853 869 2910 id
890 2855 988 2930 ipsum
1011 2863 1073 2927 est,
1095 2855 1176 2931 quod
1198 2855 1287 2914 bodie
1308 2857 1420 2932 pariter
1439 2857 1607 2916 custoditur
1627 2857 1661 2916 in

326 2947 429 3008 eadem
455 2949 638 3008 bibliotheca
659 2951 807 3011 Vaticana
835 2952 915 3029 (cod.
939 2952 1045 3032 8495),
1074 2956 1125 3016 uhi
1152 2957 1218 3033 ipse
1240 2957 1380 3016 Metellus
1407 2958 1439 3016 in
1466 2959 1661 3020 adnotatione

326 3048 366 3105 ad
386 3049 603 3124 praefationem
625 3049 774 3128 adiecta¹)
797 3059 859 3112 tam
879 3055 1006 3114 Iucundi
1028 3057 1162 3116 meminit
1183 3075 1274 3132 quam
1295 3057 1364 3117 libri
1385 3059 1469 3118 illins
1483 3059 1659 3137 carpensis.

325 3148 392 3206 Iam
419 3149 510 3226 igitur
536 3169 603 3210 cnm
630 3153 804 3212 Metelliana
828 3173 865 3212 ea
889 3173 966 3230 qnae
993 3157 1073 3235 apud
1098 3157 1257 3217 Horatium
1286 3178 1305 3216 a
1324 3159 1414 3219 Valle
1441 3159 1661 3222 Gntenstenius

326 3248 403 3308 vidit
429 3249 526 3310 adhuc
554 3254 706 3328 supersint
731 3255 764 3312 in
792 3254 953 3328 Vaticana,
986 3277 1026 3316 ex
1053 3259 1101 3318 his
1127 3277 1206 3334 quae
1234 3257 1365 3319 Grutero
1392 3263 1509 3321 rettulit
1537 3264 1661 3341 exigere

326 3365 486 3425 possumus
508 3352 547 3410 ad
567 3352 651 3429 ipsas
674 3356 809 3416 schedas.
853 3358 928 3416 Mihi
950 3377 1016 3417 cum
1039 3358 1237 3436 carpensium
1258 3371 1466 3438 excerptorum
1488 3365 1659 3442 exemplum

214 3540 217 3546 Ι
326 3458 446 3526 praesto
461 3470 522 3510 non
536 3453 585 3525 sit,
596 3454 835 3516 Metellianarum
850 3466 948 3518 autem
963 3460 1001 3517 ad
1012 3459 1201 3520 Mazochium
1217 3461 1443 3522 adnotationum
1457 3465 1566 3523 notitia
1580 3484 1660 3542 quae

328 3549 458 3609 sufficiat
472 3561 622 3630 suppetat,
637 3555 757 3634 interim
771 3559 1007 3633 experimentum
1021 3562 1120 3620 facero
1131 3561 1221 3633 volui,
1237 3563 1316 3622 inter
1327 3563 1564 3624 Gutensteniana
1576 3565 1660 3626 Grn-

327 3651 384 3708 teri
410 3660 440 3710 et
461 3652 689 3716 Mazochianum
712 3677 821 3734 corpus
843 3679 862 3718 a
878 3657 1002 3719 Metello
1024 3661 1196 3722 adnotatam
1219 3683 1366 3740 quaenam
1387 3666 1463 3724 ratio
1485 3668 1659 3742 intercedat,

328 3756 357 3808 et
377 3751 427 3808 vel
449 3753 494 3812 sic
515 3755 696 3830 deprehendi
716 3759 771 3818 illa
791 3778 830 3818 ex
851 3761 909 3820 hcc
930 3762 1077 3838 proficisci
1096 3763 1205 3835 videri,
1227 3766 1282 3824 sed
1303 3773 1336 3823 ut
1355 3765 1547 3843 interpolatio
1567 3771 1659 3830 simul

327 3849 387 3908 late
410 3861 548 3928 grassata
568 3873 637 3915 esse
657 3858 834 3919 inveniatur.
870 3861 1011 3938 Exempli
1032 3881 1126 3923 causa
1146 3865 1300 3924 titulorum
1322 3867 1386 3926 eius
1407 3870 1526 3944 generis
1548 3887 1605 3930 sex
1626 3873 1659 3931 in

328 3949 511 4012 urbanorum
531 3962 616 4031 parte
637 3957 734 4018 adhuc
755 3961 836 4038 typis
855 3962 1003 4038 impressa
1024 3983 1043 4023 a
1062 3984 1111 4023 me
1132 3965 1386 4042 deprehensorum
1406 3970 1527 4029 horum:

369 4049 424 4122 VI,
454 4051 493 4112 89
516 4080 553 4104 --
569 4056 647 4114 Mae.
660 4059 699 4116 33
724 4085 761 4111 -·
775 4059 862 4121 Grut.
881 4063 950 4137 100,
974 4065 991 4123 6
1012 4062 1037 4125 ‘e
1059 4065 1174 4125 Metelli
1196 4067 1313 4127 schedis
1333 4067 1569 4132 Gatenstenius’.

391 4151 494 4225 ,234
517 4179 554 4206 -·-·-
601 4197 616 4232 „
662 4157 710 4218 23'
726 4185 764 4212 =
810 4204 826 4238 ,‚
883 4163 952 4236 109,
975 4165 993 4223 3
1014 4161 1039 4222 ‘e
1061 4166 1218 4226 Mazochio
1240 4177 1346 4228 etms.
1367 4167 1499 4230 Metelli'.
1570 4172 1578 4187 ⁸

392 4292 408 4325 „
432 4251 493 4312 562
516 4279 554 4305 =
601 4299 616 4332 ,‚
661 4258 700 4316 26
724 4285 761 4310 =
808 4303 823 4337 „
881 4264 950 4336 101,
975 4265 987 4322 1
1013 4261 1206 4326 ‘describebat
1225 4267 1365 4330 Metellus
1387 4290 1404 4329 e
1424 4271 1551 4331 Iucundi
1573 4275 1658 4334 sche-

1091 4366 1139 4426 dis
1159 4368 1212 4443 qui
1232 4365 1324 4428 vidit’.

390 4453 491 4527 ,563
516 4481 553 4506 =
600 4499 615 4533 „
661 4459 700 4518 69
724 4485 761 4511 =
808 4505 823 4538 „
879 4462 949 4534 246,
972 4466 992 4523 4
1012 4461 1238 4526 ‘Gutenstenius
1263 4488 1280 4526 e
1302 4487 1358 4528 ms.
1380 4468 1534 4532 Metellis

392 4553 491 4627 ,719
515 4581 553 4606 =
599 4600 615 4634 „
660 4555 708 4618 23¹
724 4585 761 4611 =
805 4603 821 4634 ,‚
879 4563 929 4636 35,
954 4565 992 4624 10
1012 4561 1160 4626 ‘Metellus
1183 4569 1471 4630 describebatems.
1490 4575 1556 4634 cod.
1574 4577 1655 4646 card.

362 4743 365 4746 Ι
1092 4663 1274 4744 Carpensis'.

391 4751 492 4825 „885
515 4779 553 4806 --·-
598 4797 614 4832 „
660 4755 708 4818 so
723 4785 760 4811 =
807 4803 823 4837 „
878 4761 1159 4836 236,1‘Metellus
1186 4788 1226 4827 ex
1251 4770 1288 4828 fr.
1309 4771 1437 4831 Iucundi
1469 4777 1657 4854 autographo

1091 4867 1144 4944 qni
1165 4869 1242 4928 vidit
1263 4867 1409 4932 describ’.

328 4952 532 4980 -*-;

360 5071 370 5078 ”
422 5065 447 5130 ¹)
473 5070 516 5120 Ex
539 5083 571 5122 se
592 5072 759 5126 adnotatione
782 5091 848 5142 qnae
873 5077 937 5129 olim
955 5079 1080 5146 exscripsi
1097 5079 1206 5148 Rornae,
1231 5101 1290 5138 eum
1313 5101 1346 5138 ne
1366 5085 1446 5140 hodie
1464 5089 1568 5154 quidem
1587 5092 1654 5144 lecta

326 5155 434 5224 indigna
451 5159 512 5224 sint,
531 5161 592 5214 dedl
610 5165 638 5215 in
656 5167 798 5232 appendice
817 5166 853 5234 (p.
869 5167 922 5232 ⁷6).
1027 5245 1033 5258 .
