3654 6072
580 629 787 683 nrunuaurs
813 631 1071 704 umonarmca.
1466 621 1487 690 5

157 729 339 739 ..Ψ-ιι..

156 807 247 862 terea
269 796 351 862 haec
375 796 558 883 ephemeris
583 797 646 864 etsi
670 809 844 884 eapropter
865 799 1017 867 instituta
1036 809 1098 884 est,
1120 811 1158 868 ut
1174 800 1304 889 Corpus
1323 807 1487 892 suppleat,

157 910 271 977 eadem
295 910 385 978 aliud
409 934 540 997 quoque
564 913 721 998 sequitur.
761 913 870 979 Multa
894 937 979 1000 quae
1001 915 1169 1000 pertinent
1192 916 1235 981 ad
1256 917 1486 1007 inscriptiones

156 1025 295 1092 Latinas
313 1034 403 1092 recte
419 1027 705 1114 recognoscendas
722 1036 755 1092 et
770 1028 867 1112 plene
884 1029 1097 1114 explicandas
1115 1053 1189 1096 cum
1205 1055 1272 1096 non
1295 1035 1374 1099 satis
1399 1057 1487 1101 com-

156 1139 254 1206 mode
276 1141 465 1208 inserantur
488 1140 752 1226 ephemeridibus
768 1142 820 1224 iis,
844 1164 927 1227 quae
943 1143 1042 1210 rebus
1058 1144 1241 1231 litterisque
1257 1148 1400 1234 antiquis
1415 1150 1487 1216 uni-

157 1255 262 1320 versis
281 1255 482 1322 illustrandis
506 1255 690 1321 destinatae
713 1264 790 1322 sunt
815 1258 906 1342 (nam
919 1265 966 1346 ¹ut
987 1258 1022 1322 in
1046 1258 1117 1324 aliis
1141 1260 1278 1344 artibus,
1300 1261 1348 1328 ita
1369 1263 1404 1328 in
1424 1263 1487 1331 hac
1540 1279 1544 1288 '

158 1377 274 1434 nostra
296 1351 424 1455 quoque
447 1370 604 1456 pleraque
628 1379 705 1436 sunt
727 1371 854 1436 minuta
877 1370 990 1437 abdita
1014 1397 1034 1438 a
1057 1375 1222 1440 communi
1244 1375 1486 1465 philologorum

159 1504 281 1547 corona
303 1485 419 1568 procul
434 1483 588 1551 habenda
603 1484 783 1571 eademque
798 1494 908 1552 tamen
924 1487 1020 1554 nobis
1036 1489 1130 1554 utilia
1144 1491 1423 1578 necessariaque),
1448 1517 1486 1559 ea

146 1597 190 1661 'in
207 1597 415 1683 ephemeride
433 1599 646 1688 epigraphica
660 1600 769 1666 locum
793 1601 961 1667 invenient
984 1609 1017 1668 et
1040 1611 1165 1668 certum
1190 1613 1222 1669 et
1244 1603 1430 1672 modestum
1454 1618 1487 1672 et

156 1733 267 1792 suum3
291 1735 430 1798 eamque
452 1714 499 1779 ita
514 1713 716 1780 destinamus
732 1715 969 1802 supplementis
989 1716 1065 1799 illis,
1088 1725 1126 1782 ut
1141 1717 1199 1784 ubi
1215 1720 1356 1807 spatium
1374 1744 1486 1808 super·

129 1808 224 1908 est,
256 1827 467 1912 quaestiones
498 1828 732 1916 epigraphicae
761 1830 795 1895 in
820 1853 859 1895 ea
881 1839 1132 1916 pertractentur.
1174 1830 1286 1915 Quare
1309 1843 1347 1900 ut
1370 1837 1403 1900 in
1427 1860 1486 1902 no-

154 1963 214 2006 vas
238 1940 337 2008 aedes
360 1943 485 2028 primus
508 1943 636 2010 locator
658 1945 816 2031 recipitur
839 1945 978 2030 quilibet
999 1969 1040 2010 ex
1058 1947 1279 2034 multisneque
1302 1950 1349 2016 ita
1373 1974 1486 2017 severe

154 2077 229 2120 cum
254 2079 293 2122 eo
316 2057 462 2123 rationes
485 2066 654 2144 putantur,
677 2059 724 2123 ita
748 2060 804 2144 qui
827 2058 910 2125 haec
931 2059 1048 2147 legunt
1070 2083 1137 2125 non
1158 2071 1370 2130 contemnent
1387 2065 1485 2151 ephe-

154 2169 311 2236 meridem
339 2179 476 2258 propter
505 2173 734 2260 supplementa
763 2197 838 2238 rora
864 2173 973 2240 adhuc
1004 2183 1037 2240 et
1066 2175 1162 2241 exilia
1185 2176 1365 2261 primorum
1387 2180 1485 2246 fasci-

156 2284 320 2368 culorum,
352 2288 692 2373 commentariolisque
721 2289 843 2354 nostris
872 2289 1002 2354 interim
1031 2290 1096 2356 sibi
1127 2291 1280 2357 satisfieri
1308 2293 1483 2377 patientur,

156 2421 240 2482 quos
276 2401 468 2468 confidimus
500 2401 677 2488 aliquando
706 2403 817 2469 locum
850 2425 1001 2469 cessuros
1032 2426 1104 2470 esse
1136 2405 1290 2470 auctariis
1325 2407 1485 2473 uberiori·

152 2513 235 2596 bue,
262 2515 407 2582 maxime-
428 2517 486 2583 ubi
508 2516 668 2604 prodierit
690 2517 779 2604 quod
802 2518 867 2584 iam
892 2519 953 2584 sub
975 2518 1066 2604 prelo
1096 2527 1147 2584 est
1171 2541 1290 2606 corpus
1314 2522 1484 2588 titulorum

153 2630 363 2696 urbanorum.

151 2767 155 2794 ³
241 2745 412 2834 Rogamus
434 2747 562 2832 itaque,
590 2747 711 2833 quibus
740 2747 802 2812 hae
826 2748 956 2814 litterae
981 2749 1073 2814 cordi
1096 2759 1190 2834 sunt,
1213 2758 1251 2816 ut
1274 2750 1361 2817 hanc
1385 2752 1483 2839 ephe-

152 2861 309 2926 meridem
332 2861 401 2927 suis
425 2862 529 2948 copiis
553 2862 708 2928 adiuvare
731 2863 834 2928 velint
855 2871 923 2928 tam
946 2863 1218 2950 inscriptionibus
1241 2887 1358 2932 recens
1373 2891 1484 2952 reper·
1515 2849 1521 2857 ¹

151 2975 202 3041 tis'
219 2997 294 3047 cum
313 2977 496 3044 Academia
517 2977 722 3044 Berolinensi
746 2977 946 3044 Institutove
969 2978 1118 3046 Romano
1144 2980 1348 3048 editorumve
1372 2983 1481 3068 aliquo

152 3090 433 3158 communicandis
457 3115 554 3177 quarn
578 3092 883 3176 observationibus,
911 3117 997 3179 quae
1020 3094 1062 3162 ad
1085 3105 1231 3162 nostram
1254 3119 1324 3162 rom
1346 3097 1482 3180 faciunt,

151 3205 412 3291 suppeditandis.
467 3203 562 3288 Quae
594 3207 767 3273 mittentur
796 3231 864 3273 non
898 3209 1022 3296 scripta
1051 3209 1165 3298 lingua
1195 3211 1335 3294 Latina,
1368 3221 1482 3278 nostra

150 3341 231 3385 cura
252 3320 373 3386 Latine
401 3330 587 3402 vertentur3
616 3345 693 3387 nam
722 3328 760 3387 ut
789 3323 823 3386 in
848 3323 921 3388 aliis
945 3323 991 3388 ita
1014 3323 1048 3389 in
1073 3348 1111 3390 eo
1136 3347 1267 3412 quoque
1299 3326 1481 3411 ephemeris

148 3435 234 3500 haec
258 3433 389 3522 Corpus
413 3437 611 3519 imitabitur,
641 3435 731 3521 quod
754 3444 826 3502 tota
848 3436 971 3503 Latina
995 3438 1065 3502 erit.
1113 3439 1278 3505 Fasciculi
1300 3441 1481 3526 prodibunt

149 3549 289 3636 singulis
318 3551 412 3618 annis
441 3551 592 3636 quaterni
619 3551 814 3638 paginarum
844 3572 911 3615 non
935 3551 1042 3618 minus
1067 3561 1352 3641 septuagenarum.
1405 3556 1480 3624 Sin-

147 3665 236 3752 gulis
259 3664 480 3732 voluminibus
509 3665 636 3732 indices
660 3665 861 3746 adicient-un
893 3665 992 3731 iidem
1015 3665 1124 3732 denuo
1149 3668 1288 3733 edentur
1311 3670 1478 3736 coniuncti

146 3787 227 3866 post
255 3779 385 3868 singula
413 3779 482 3846 sive
512 3781 734 3866 quinquennia
762 3781 831 3847 sive
862 3781 1040 3864 decennia,
1068 3783 1135 3847 fere
1165 3791 1202 3847 ut
1233 3783 1304 3850 fieri
1335 3785 1419 3850 solet
1445 3786 1478 3850 in

145 3893 297 3960 Instituti
321 3894 403 3960 actis
426 3895 571 3981 reliquis.

238 4007 436 4097 Scripsimus
459 4032 571 4076 mense
597 4007 738 4076 Octobri
762 4035 790 4077 a.
810 4013 906 4078 1871.

497 4239 622 4306 Romae
715 4239 815 4305 Gvrn.
841 4241 1001 4307 Hsuznu.

713 4356 791 4419 lou.
816 4355 922 4420 Barr.
947 4375 994 4420 nn
1018 4357 1135 4422 Rossr.

496 4470 644 4536 Berolini
710 4469 848 4535 Tenon.
872 4469 1067 4536 Mourrsun.

497 4584 639 4673 Dorpati
712 4583 820 4650 Gvsr.
836 4585 1048 4653 erranus.
