3620 6080
538 641 836 696 onsnnvnrrouns
855 641 971 694 neren.
985 641 1046 692 xv.
1379 629 1452 702 279

120 825 171 874 tus
199 822 271 878 est.¹
290 813 404 872 'Edidit
425 831 493 872 enm
525 831 620 888 nuper
645 811 724 870 idem
756 813 787 870 in
820 813 1064 870 commentariolo
1096 817 1336 875 senatusconsulta
1366 822 1454 880 iue'dit

121 920 157 976 dc
179 915 291 975 l’anade
311 914 370 972 170
391 923 480 972 avant
499 922 579 971 notre
604 915 649 970 ere
670 919 700 970 et
721 913 834 970 inserto
862 913 1008 970 volumini
1035 914 1161 990 septimo
1189 913 1301 974 ordinis
1332 923 1455 982 secundi

122 1017 259 1094 syllegae
282 1033 357 1092 quae
373 1014 481 1072 dicitnr
495 1014 625 1071 arctiore
639 1014 689 1072 des
703 1016 836 1074 missione
851 1015 1034 1089 acicnu'fiquer
1049 1023 1077 1071 at
1090 1014 1241 1073 litterairea
1255 1025 1285 1074 et
1298 1028 1455 1094 praeterea

121 1135 260 1176 seorsum
282 1133 400 1192 quoque
421 1114 572 1191 publicato
593 1113 736 1189 (Parisiis
753 1111 832 1171 1872
856 1131 906 1188 pp.
924 1112 988 1188 63).
1027 1113 1244 1172 Documentum
1263 1117 1341 1176 inter
1357 1140 1455 1196 panea

121 1215 221 1274 nobile
243 1225 273 1274 et
293 1234 388 1292 paene
402 1215 576 1290 primarium
597 1233 665 1272 cum
686 1213 809 1272 editoris
824 1213 961 1270 benificio
984 1213 1136 1288 aliquanto
1158 1221 1226 1273 ante
1244 1222 1454 1292 cognovissem

121 1335 213 1393 quam
234 1317 353 1391 publice
379 1315 505 1391 prodiit,
534 1315 713 1373 mentionem
741 1313 805 1372 eins
833 1312 891 1370 feci
916 1313 946 1370 in
974 1313 1062 1370 huius
1085 1315 1281 1389 ephemeridis
1309 1318 1455 1382 fasciculo

121 1417 260 1494 proxime
282 1416 477 1492 praecedente
501 1434 530 1490 p.
556 1414 630 1486 223,
659 1413 710 1472 ubi
732 1413 795 1470 dixi
817 1413 1058 1488 antiquissimum
1083 1413 1114 1470 id
1137 1431 1203 1473 esse
1225 1417 1356 1478 omnium
1378 1396 1454 1497 quae

121 1517 276 1576 consulem
298 1517 452 1594 appellent
471 1516 591 1573 nomine
607 1515 688 1590 qnod
708 1521 816 1590 postea
837 1513 965 1572 invaluit
979 1503 1096 1571 ὑπάτου.
1129 1514 1194 1572 Iam
1209 1534 1275 1576 curn
1291 1526 1454 1584 communis

122 1618 197 1676 iuris
218 1617 329 1675 factum
352 1619 400 1688 sit,
429 1616 542 1692 placuit
567 1622 661 1673 totum
688 1613 886 1690 ephemeridis
908 1613 1069 1672 lectoribus
1091 1633 1257 1690 proponere
1277 1638 1372 1695 eaque
1394 1625 1455 1682 adi.

121 1737 191 1778 cere
213 1735 290 1796 qnae
311 1717 342 1774 in
363 1724 504 1792 promptu
519 1715 614 1774 habeo
637 1715 675 1772 ad
695 1714 906 1790 explicandum
927 1713 959 1771 id
980 1721 1010 1772 et
1023 1713 1242 1775 illustrandum.
1278 1717 1358 1778 Nam
1373 1721 1454 1783 Fou-

124 1826 227 1877 cartus
249 1817 368 1893 quidem
395 1824 424 1874 et
449 1817 607 1894 diligenter
634 1825 664 1874 et
685 1816 779 1890 perite
805 1814 837 1872 id
858 1813 1070 1897 interpretatus
1093 1823 1140 1872 est
1160 1823 1190 1874 et
1210 1818 1354 1896 pleraque
1375 1835 1456 1887 recte

123 1918 313 1994 explanavit;
336 1917 389 1974 sed
410 1917 447 1976 de
461 1935 528 1975 meo
543 1935 662 1992 quoqne
684 1914 830 1990 quaedam
852 1913 959 1972 addere
974 1914 1047 1971 mihi
1063 1932 1155 1990 posse
1169 1916 1274 1978 videor
1295 1921 1455 1984 observatu

123 2036 184 2077 non
204 2017 338 2094 indigna,
361 2026 393 2076 ut
414 2017 489 2076 meis
511 2017 563 2076 alii
586 2017 696 2078 addent
710 2033 787 2091 quae
809 2033 857 2072 me
876 2013 1026 2090 fugerunt
1060 2015 1164 2076 Verba
1185 2029 1307 2078 senatus
1329 2026 1456 2100 consulti

123 2129 157 2176 ut
175 2119 287 2176 tradita
301 2117 479 2192 accepimus,
501 2118 544 2174 ita
558 2122 821 2193 repraesentantur
842 2115 873 2171 in
888 2114 991 2172 tabula
1004 2115 1133 2186 adiecta3
1157 2118 1270 2178 subieci
1285 2125 1456 2200 exemplum

123 2219 294 2278 restitutum
320 2225 350 2274 et
378 2218 547 2276 versionem
574 2237 671 2282 meam
692 2215 841 2274 Latinam.
886 2211 1102 2291 Supplementa
1123 2217 1227 2277 in'illo
1249 2218 1382 2280 admissa
1405 2227 1456 2284 ubi

123 2329 211 2378 taceo
235 2317 378 2376 Foucarti
401 2325 479 2375 sunt

139 2520 151 2560 1
165 2491 281 2560 Ko'wroe
293 2491 411 2560 Mulvius
425 2491 509 2555 Τίτου
533 2492 592 2560 viic
611 2493 771 2581 στρατηγᾶς
809 2493 846 2570 Ω.
861 2495 999 2554 Maenius
1015 2496 1052 2554 Τ.
1065 2496 1086 2556 f.
1101 2508 1223 2573 praetor
1237 2511 1373 2564 senatum
1387 2525 1457 2568 con.

138 2621 151 2658 a
206 2603 244 2678 τῇ
275 2591 431 2678 συνκλῆΙτῳ
465 2590 716 2662 συνεβουλεύσατο
743 2597 772 2656 ἓν
850 2595 943 2654 suluit
968 2596 1000 2653 in
1028 2598 1149 2655 comitio
1179 2617 1206 2656 a.
1235 2601 1263 2659 d.
1295 2602 1357 2664 VII
1390 2609 1457 2668 idus

138 2719 151 2758 a
207 2692 323 2776 κομετῖῳ
350 2694 401 2782 arpo*
427 2693 773 2782 ›iusp1[ei]virtroiaidoniv
851 2695 1009 2756 Octobres·

207 2791 417 2882 Ὀκτωμβρῖων.

137 2891 334 2986 4Γραφομένῳ
354 2899 359 2976 Ι
379 2901 507 2982 παρῆσαν
528 2889 635 2958 Μάνιος
655 2891 777 2960 'Attalico
813 2895 979 2960 scribendo
1004 2897 1163 2964 adfuerunt
1188 2895 1236 2960 Μ’.
1264 2904 1382 2966 Acilius
1408 2910 1457 2969 Μ’,

139 3023 152 3060 5
207 2993 316 3059 Μανίου
339 2990 605 3079 υἷδς’ολτε[ινι’]ΙΙα,
623 2991 706 3060 Titos
723 3005 775 3058 No·
853 2999 874 3057 f.
897 2996 1043 3068 Voltinia,
1065 2998 1101 3057 Τ.
1124 2998 1279 3064 Numisius
1301 3004 1337 3065 Τ.
1360 3007 1381 3066 i.

208 3094 300 3170 alsae
321 3092 406 3156 Τίτου
429 3091 496 3158 vio'c.
1279 3161 1282 3166 Ι
1355 3151 1358 3156 ,

141 3191 232 3286 εΠερὶ
260 3188 297 3258 οἷν
319 3191 450 3279 &sudleie
478 3189 586 3274 liquor
612 3193 775 3270 ἒποιῆταντο
813 3198 903 3273 Quod
924 3198 1068 3257 Thisbaei
1089 3201 1182 3258 verba
1201 3202 1335 3263 fecerunt
1356 3207 1392 3265 de
1413 3230 1459 3268 re·

142 3321 155 3360 't
210 3291 269 3384 napi
289 3301 345 3358 ruia
369 3294 442 3356 καθ’
463 3293 574 3376 adiretis
588 3292 776 3382 πραγμάτων,
853 3300 908 3358 bus
931 3293 969 3356 ad
990 3315 1023 3356 ee
1038 3300 1256 3374 pertinentibus
1271 3305 1323 3379 qui
1338 3308 1458 3382 quidem

142 3422 154 3460 e
210 3391 307 3460 οἵτινες
325 3399 353 3456 ἐν
366 3401 403 3475 τῇ
416 3392 549 3476 φιλῖᾳτῇ
566 3395 572 3480 Ι
590 3391 706 3483 ἡμετέρᾳ
721 3391 775 3457 ivi·
852 3399 883 3455 in
905 3398 1036 3457 amicitia
1049 3407 1153 3456 nostra
1165 3417 1404 3480 permanserunt,
1427 3419 1460 3467 ut

210 3523 317 3570 μειναν,
342 3491 418 3560 ὅπως
447 3489 525 3557 αὐτοὶ
547 3491 776 3585 [diffide-epm)
853 3497 912 3574 ipsi
922 3517 1022 3556 rerum
1032 3497 1071 3554 ad
1083 3501 1333 3575 sepertinentium
1345 3524 1459 3567 correc-

142 3621 155 3660 9
211 3595 327 3682 Ιε]ἰςτιὶ
337 3590 776 3683 καθἀὖτοῦςπρᾶγματαε[ἰσ]-
853 3597 963 3656 tionem
990 3597 1209 3674 praeciperent,
1239 3601 1276 3661 ds
1303 3624 1339 3663 ea
1364 3627 1396 3665 re
1417 3610 1461 3667 ita

129 3722 155 3762 to
209 3693 386 3782 ηγῆσ-ωνται·
410 3689 469 3783 napi
484 3691 601 3782 rotiliano
616 3702 669 3758 rori
682 3695 775 3784 πράγ-
854 3703 1046 3757 censuerunt:

211 3822 302 3871 ματος
323 3791 410 3868 οὕτως
431 3789 543 3880 ἕδοξενε

130 3923 155 3961 11
169 3892 376 3964 iuwsKo'wrot
393 3898 400 3975 Ι
418 3891 708 3982 Μαίνιοςστρατηγδς
722 3902 777 3957 τῶν
813 3909 845 3958 ul
872 3896 909 3971 Ω.
937 3899 1075 3957 Maenius
1102 3907 1222 3975 praetor
1249 3907 1391 3964 senatorii
1413 3926 1461 3965 or·

131 4020 157 4060 ra
211 4001 244 4060 ἐκ
271 4003 321 4072 τῆς
345 3986 500 4068 wantiam
523 3987 643 4084 [ἄνδρας
661 3996 666 4080 Ι
685 3990 778 4076 adim
855 3999 934 4057 dinis
956 3999 1037 4057 viros
1058 4001 1189 4078 quinque
1215 4001 1380 4080 delegaret,
1409 4007 1461 4082 qni

213 4092 360 4181 ἆποτάξῃ,
387 4088 410 4156 οἳ
438 4086 475 4161 aiv
502 4095 581 4176 αὐτῷ
601 4099 633 4158 ἐκ
653 4101 710 4157 τῶν
731 4095 777 4168 δν,-
857 4099 913 4157 sibi
936 4118 952 4157 e
979 4117 1012 4156 re
1035 4099 1157 4175 publica
1177 4102 1294 4178 fideque
1316 4121 1373 4162 sua
1394 4125 1460 4165 esse

133 4221 158 4260 13
211 4193 316 4272 μοσῖων
335 4191 546 4283 πραΙ[γ]μα’των
566 4191 614 4258 nai
635 4203 686 4272 rtis
706 4192 781 4260 ἰδίας
857 4199 1036 4257 viderentur.

211 4295 335 4362 πίστεως
355 4292 520 4378 φαίνωνται.

210 4375 327 4464 Ἔδοξε.
817 4380 1013 4442 censuerunt.

694 4619 898 4630 *-

136 4911 339 4926 ι-ιο--ι--ι-

213 5034 237 5098 l)
262 5035 311 5086 Ait
329 5032 472 5086 Fauoni-tus
489 5050 516 5102 p.
536 5035 572 5086 30
590 5035 700 5101 primam
720 5033 838 5084 vocabuli
856 5035 970 5084 litteram
989 5039 1034 5110 aut
1053 5036 1077 5089 Δ
1097 5034 1177 5086 fnisse
1195 5041 1240 5086 ant
1260 5038 1289 5100 t,
1309 5046 1369 5090 anto
1388 5038 1463 5094 ΘΩΣ

136 5133 216 5185 videri
234 5135 286 5186 sibi
305 5135 392 5186 ridere
411 5136 524 5189 litteram
545 5136 573 5198 Β,
595 5135 639 5188 sed
659 5135 771 5186 dubiam.
809 5131 878 5186 Mihi
900 5134 1073 5188 nondubium
1091 5142 1215 5190 ostreata
1234 5151 1293 5190 eum
1312 5139 1463 5190 vocabulum

136 5233 287 5298 explevisse.

1200 5322 1261 5380 20*
