3568 6070
593 596 889 653 oussavsruouss
906 599 1025 654 sumn.
1044 601 1126 654 vn.
1416 571 1417 574 ‘
1442 586 1513 658 139

189 766 262 826 toris
284 765 324 824 ad
345 767 551 844 corrigendum
573 775 684 828 statum
705 769 871 829 civitatium
890 770 1051 830 liberarum
1072 790 1092 830 a
1108 772 1295 848 proconsulis
1309 774 1435 851 imperio
1448 775 1515 853 lege

188 873 408 944 exemptarum,
428 867 472 928 ita
491 869 531 927 ad
552 869 762 946 corrigendum
782 877 892 930 statum
909 871 1026 944 Italiae,
1047 890 1124 948 quae
1145 879 1176 934 et
1195 873 1264 950 ipsa
1284 875 1417 951 praesidi
1438 877 1515 938 nulli

187 973 317 1045 pareret,
342 975 422 1026 certe
442 967 512 1028 inde
533 987 552 1027 a
573 967 734 1030 Caracalla
754 971 947 1048 magistratus
968 971 1089 1049 quidem
1110 973 1202 1032 creati
1222 990 1302 1045 esse,
1322 975 1407 1034 initio
1428 983 1516 1036 extra

188 1067 321 1126 ordinem
348 1067 413 1128 aine
437 1068 528 1127 dubio
556 1078 586 1128 et
611 1079 646 1130 ut
670 1080 752 1130 certo
780 1071 899 1132 nomine
926 1082 1074 1145 carerent,
1100 1073 1208 1132 deiude
1233 1075 1373 1135 manslati
1393 1077 1425 1134 in
1451 1095 1514 1136 ma-

186 1167 332 1246 gistratus
358 1168 579 1244 quodammodo
608 1171 752 1230 ordinarii
779 1178 810 1231 et
836 1171 962 1250 legitimi
987 1173 1113 1232 formam
1137 1175 1314 1234 correctoris
1337 1176 1452 1236 ltaliae.
1474 1209 1513 1222 -

186 1268 330 1326 Proxime
363 1275 463 1328 autem
490 1277 521 1330 et
548 1269 683 1347 temporo
710 1279 741 1332 et
765 1290 798 1332 re
825 1272 864 1332 ad
891 1273 924 1330 id
951 1273 989 1332 de
1015 1291 1077 1349 quo
1105 1271 1221 1352 agimus
1249 1273 1354 1336 Sabini
1381 1275 1514 1338 officium

186 1367 303 1428 accedit
333 1369 416 1445 quod
446 1369 581 1431 enuntiat
611 1371 717 1432 titulus
748 1391 843 1450 nuper
872 1382 1009 1451 repertus
1035 1375 1151 1436 Romae
1179 1374 1211 1434 in
1239 1376 1416 1436 coemeterio
1444 1374 1514 1437 Gal·

200 1467 207 1482 ·
240 1468 248 1482 ·
294 1467 358 1508 ··1

186 1468 377 1544 nenne.)
431 1516 435 1524 ’
544 1510 1024 1841 sanescendo

661 1609 1054 1798 noureuoucuspcr,
1150 1645 1162 1738 j

551 1775 611 1810 υπα
625 1759 678 1816 ΤΟ
712 1758 772 1814 otc
801 1760 884 1816 men
912 1785 920 1801 ·
947 1761 1089 1836 ΕΠαρχω

555 1860 711 1914 emuec
751 1851 937 1916 n'eouet·
971 1861 1084 1931 novun

497 1975 510 2014 1
553 1959 773 2025 entuoee
816 1985 823 2001 ·
862 1960 1108 2016 necassem

552 2060 642 2114 κο11
678 2060 839 2114 -esetn
868 2086 875 2102 ·
906 2060 991 2114 auo

556 2161 705 2215 noun
748 2186 756 2202 ·
799 2161 989 2214 ucesiu

434 2279 438 2288 .
551 2232 873 2398 ΦΧΙΨδρος
928 2235 1035 2374 τΧωΝ

618 2360 641 2384 '¹'
915 2362 1086 2435 ευεΡΓΕτῃ

185 2511 263 2571 Eum
284 2511 403 2571 titulum
417 2511 548 2572 Rossius
569 2511 673 2571 tribuit
686 2511 784 2572 Basso
806 2513 922 2572 consuli
936 2513 1088 2573 ordinario
1110 2512 1214 2574 11258
1238 2521 1269 2574 et
1282 2533 1386 2575 rursus
1408 2536 1435 2576 a.
1451 2516 1509 2575 271

185 2613 390 2688 probabiliter.
435 2612 518 2672 'Nam
548 2613 677 2690 primum
707 2613 785 2672 inter
817 2613 957 2673 consules
989 2614 1173 2695 ordinarios„
1185 2616 1301 2676 Bassos
1329 2616 1429 2676 nullus
1455 2625 1512 2690 est,

185 2713 235 2772 cui
260 2714 379 2772 iteratio
400 2713 576 2773 consulatus
599 2713 769 2787 conveniat,
796 2722 915 2790 praeter
936 2733 1019 2789 sum,
1048 2716 1099 2794 qui
1121 2736 1148 2776 a.
1164 2715 1223 2775 271
1246 2717 1345 2777 fasces
1366 2717 1510 2795 gessitl).

186 2813 305 2873 Deinde
330 2833 396 2873 eum
422 2813 546 2891 reliquis
567 2813 674 2873 Bassis
700 2813 767 2873 aliis
795 2814 856 2872 alia
880 2815 1003 2874 nomina
1028 2816 1123 2876 fuisse
1145 2819 1330 2893 argumentis
1350 2827 1402 2876 aut
1422 2818 1512 2878 certis

136 2916 141 2928 ⁴
185 2921 238 2972 aut
259 2915 366 2974 saltem
387 2915 591 2992 probabilibus
612 2914 743 2974 Rossius
765 2913 985 2990 demonstrarit,
1011 2913 1085 2976 solis
1106 2917 1144 2975 iis
1165 2917 1217 2994 qui
1238 2917 1335 2978 fasces
1357 2924 1513 2994 gesserunt

185 3035 212 3074 a.
228 3014 289 3074 258
304 3025 334 3074 et
348 3015 407 3074 271
431 3023 546 3076 tantum
567 3017 661 3088 abest,
682 3022 716 3074 ut
728 3015 965 3093 Pomponiorum
979 3037 1088 3077 nomen
1101 3018 1231 3078 tribuere
1246 3018 1405 3096 quicquam
1418 3020 1511 3095 impe·

185 3116 261 3189 diat,
288 3124 321 3174 ut
345 3117 414 3175 huic
440 3115 551 3176 dudum
577 3115 608 3174 id
634 3115 851 3192 adscripserint
875 3118 1022 3178 fastorum
1043 3119 1230 3178 ordinatores
1250 3129 1411 3197 propterea
1430 3120 1513 3196 quod

185 3218 351 3294 imperante
372 3214 501 3278 (lleudio
526 3234 555 3276 a.
570 3215 631 3274 270
657 3217 843 3294 Pomponius
864 3217 981 3278 Bassus
1007 3218 1136 3296 primum
1162 3220 1193 3277 in
1219 3227 1327 3278 senatu
1348 3220 1447 3278 locum
1467 3227 1511 3278 te-

185 3319 287 3378 nuisse
308 3317 414 3377 dicitur
427 3319 459 3376 in
473 3317 604 3396 epitoma
617 3315 748 3376 Victoris
769 3317 808 3395 (e.
826 3319 874 3391 34,
890 3321 908 3378 3
914 3339 923 3390 3
946 3319 984 3378 ci.
999 3318 1105 3379 Victor
1119 3317 1209 3378 Caes.
1226 3319 1276 3391 34,
1291 3319 1336 3395 3).
1371 3319 1512 3394 Denique

185 3419 329 3495 splendor
354 3419 514 3490 natalium,
541 3436 629 3495 quem
649 3417 803 3496 praedicat
823 3419 928 3478 titulus
950 3436 1043 3496 supra
1062 3419 1190 3492 relatus,
1218 3421 1250 3477 in
1270 3438 1338 3478 eum
1359 3419 1511 3478 hominem

185 3521 298 3596 optime
323 3519 462 3595 quadrat,
488 3518 599 3597 quippo
623 3535 712 3593 quem
738 3517 812 3576 satis
838 3527 955 3576 constet
980 3518 1162 3578 descendere
1183 3538 1202 3577 a
1222 3519 1390 3596 Pomponio
1411 3519 1510 3578 Basso

184 3606 342 3678 interiecto
363 3619 401 3678 ab
421 3617 589 3696 Elagabalo
609 3617 685 3693 (Dio
701 3617 755 3690 74,
774 3617 860 3693 5).et
883 3619 926 3677 sic
947 3635 1042 3694 genus
1063 3619 1217 3678 rettulisse
1237 3619 1275 3676 ad
1296 3618 1397 3695 ipsum
1417 3619 1510 3695 impe·

184 3728 314 3779 retorem
335 3719 541 3778 1111111111.-
566 3718 678 3778 Obstat
702 3728 802 3777 tamen
822 3719 1040 3795 praefectorum
1061 3719 1144 3778 urbis
1165 3719 1341 3790 laterculus,
1370 3719 1510 3794 quicum
1624 3797 1627 3802 Ι

185 3821 224 3879 ab
245 3839 273 3886 a.
289 3819 350 3880 254
371 3819 409 3878 ad
431 3839 458 3878 a.
474 3818 535 3878 354
557 3819 724 3896 perveniat,
750 3817 880 3878 Bassum
905 3818 1019 3878 nullum
1040 3826 1176 3878 recenset
1195 3828 1313 3898 praeter
1334 3816 1510 3896 Septimium

184 3940 213 3980 a.
229 3921 299 3979 317.
316 3920 375 3980 318
397 3927 478 3980 certe
498 3920 557 3979 huo
572 3938 633 3978 nou
647 3919 843 3997 pertinentem
848 3939 857 3993 3
880 3938 935 3978 nec
948 3920 1036 3980 facile
1049 3919 1264 3980 admittendum
1278 3926 1326 3980 est
1339 3939 1407 3978 eum
1420 3919 1510 3979 later-

184 4021 285 4080 culum
305 4020 437 4080 hiatibus
457 4020 605 4094 laborare,
626 4039 693 4080 cum
714 4021 824 4080 iustam
845 4021 1051 4081 auctoritatem
1072 4022 1131 4080 sibi
1146 4021 1277 4080 vindicet
1296 4038 1392 4096 neque
1412 4019 1511 4080 adhuc

185 4121 266 4198 quod
287 4121 380 4180 sciam
402 4121 439 4179 de
459 4120 522 4180 ullo
543 4121 693 4199 praefecto
714 4129 831 4180 constet
850 4121 883 4180 in
903 4139 939 4180 eo
961 4121 1181 4198 praetermisso.
1223 4119 1429 4180 Nihilominus
1450 4136 1510 4177 non

184 4221 303 4298 reperio
330 4239 390 4298 qno
417 4228 573 4298 praeterea
599 4221 864 4300 contirgiamusi),
889 4241 945 4282 nec
967 4222 1084 4283 videtur
1109 4220 1280 4299 repperisse
1304 4218 1449 4291 Rossius,
1473 4219 1510 4278 de

186 4376 391 4387 ...a-a--u-u

262 4469 286 4531 ¹)
313 4470 370 4521 Iob.
393 4469 469 4535 Bapt.
493 4469 600 4522 Rossius
623 4471 726 4521 titulum
751 4470 833 4522 edidit
855 4471 927 4538 ligno
951 4485 1101 4537 expressum
1124 4470 1205 4522 Roma
1226 4477 1382 4522 sotterrcueu
1405 4472 1435 4532 2,
1456 4471 1509 4521 282

184 4561 292 4612 adiectis
309 4560 492 4626 supplementis
510 4561 591 4627 perite
609 4551 697 4624 facts,
714 4575 780 4628 quae
796 4562 902 4626 retinui3
922 4561 1046 4628 explicuit
1056 4561 1126 4614 idam
1139 4559 1275 4612 Ballettiao
1288 4561 1410 4618 mistiam
1428 4563 1509 4612 soni

185 4654 240 4702 112
260 4651 354 4712 (1871)
372 4667 399 4716 p.
412 4653 458 4704 45.

262 4739 287 4802 ²)
314 4742 348 4792 Iti
371 4757 505 4793 numerum
523 4743 551 4794 11
573 4742 721 4794 adscribunt
744 4749 770 4792 et
792 4741 852 4792 fasti
877 4759 901 4808 q.
922 4741 947 4792 d.
967 4741 1110 4796 Florentini
1133 4741 1244 4792 maiores
1268 4739 1303 4803 (v.
1322 4729 1454 4792 ¹Relandus
1476 4741 1510 4791 ad

186 4832 212 4884 b.
233 4831 268 4892 a.)
288 4838 314 4881 et
332 4831 420 4883 titulus
439 4833 735 4886 Orell.1s56=1.1t.
756 4832 836 4884 5473.

262 4918 288 4983 ⁸)
314 4921 436 4974 Fortasse
454 4924 511 4990 quis
530 4911 625 4976 dixerit
642 4923 782 4990 Pomponii
799 4922 875 4974 Bassi
893 4923 999 4974 uomina
1017 4923 1045 4972 in
1063 4923 1138 4984 titulo
1157 4921 1257 4976 Graeco
1276 4920 1430 4974 secundaria
1446 4937 1510 4984 esse,

185 5013 309 5077 primaria
332 5013 460 5064 interiisse
484 5016 537 5064 v.l
559 5021 624 5065 extr.
643 5021 669 5065 et
688 5017 703 5065 2
723 5015 813 5078 incip,
840 5013 952 5078 exempli
976 5027 1053 5064 cause
1076 5013 1153 5064 Iunio
1177 5013 1332 5082 Tiberiano,
1356 5013 1400 5081 qui
1420 5011 1512 5064 consul

185 5101 236 5152 iuit
254 5103 399 5156 ordinarius
422 5119 447 5154 a.
461 5105 512 5155 281
532 5110 558 5154 et
574 5106 641 5167 291,
665 5104 809 5170 praelectus
824 5104 884 5156 urbi
903 5117 926 5154 a.
940 5105 993 5155 292
1012 5109 1039 5154 et
1056 5103 1122 5168 303,
1149 5093 1254 5155 uomina
1275 5103 1356 5155 fuisse
1373 5102 1512 5167 Pomponii

185 5193 262 5244 Bassi
278 5194 347 5246 lunii
366 5193 509 5247 Tiberiani.
540 5195 593 5250 Sed
610 5197 744 5264 temptanti
762 5195 827 5248 milri
845 5195 906 5247 talia
923 5195 991 5246 inter
1006 5200 1104 5262 paucos
1123 5209 1180 5258 eos,
1201 5195 1245 5262 qui
1263 5194 1423 5246 consulatum
1442 5191 1510 5242 ordi·
