3568 6070
278 672 353 743 214
527 683 756 747 mirovaeus
773 683 821 734 nu
840 681 943 734 cono.
962 682 1009 732 uu
1028 678 1229 734 stennone.
1248 679 1354 733 oaov.

277 870 348 922 sunt
368 859 518 938 perpetui,
545 858 635 918 annui
657 874 725 916 esse
746 855 860 926 solent,
888 863 951 912 tum
973 853 1053 930 quod
1075 853 1122 914 ius
1142 853 1191 912 vel
1213 853 1356 913 laudandi
1378 853 1426 912 vel
1448 855 1612 914 accusandi

276 963 443 1042 praesides,
464 959 627 1038 quodiam
649 958 705 1018 sub
726 956 831 1034 primis
853 955 1084 1032 imperatoribus
1106 955 1256 1014 habebant
1277 955 1406 1015 eoncilia
1427 954 1517 1031 (Tae.
1539 975 1611 1026 ann.

279 1067 333 1138 15,
349 1063 404 1140 22)
433 1063 523 1140 plane
551 1059 656 1120 inutile
684 1057 805 1130 fuisset,
833 1057 893 1116 nisi
920 1055 1082 1133 quotannis
1109 1056 1270 1115 eonsilium
1296 1057 1498 1116 convenisset.
1544 1058 1612 1116 Iam

277 1184 349 1226 vero
376 1163 549 1224 testimonio
570 1167 704 1233 constat,
726 1159 984 1235 Tripolitanorum
1006 1157 1165 1216 concilium
1188 1157 1284 1217 fuisse
1306 1177 1451 1231 annuum,
1479 1160 1614 1236 itemque

279 1267 476 1326 Germaniam
497 1271 528 1324 et
545 1262 696 1322 Etruriam
718 1277 833 1319 annuos
855 1259 997 1318 habuisse
1020 1258 1206 1330 sacerdotem
1228 1259 1413 1336 eandemque
1433 1279 1497 1320 rem
1518 1269 1614 1320 testa·
1653 1299 1659 1310 ·

278 1379 328 1427 tur
349 1368 438 1426 etiarn
461 1365 582 1424 saeculo
603 1364 708 1440 quinto
731 1363 943 1437 imperatorum
958 1359 1087 1418 Honorii
1108 1368 1138 1420 et
1152 1359 1321 1420 Theodosii
1341 1361 1517 1420 constitutio
1539 1364 1614 1421 anni

279 1468 351 1540 418,
374 1468 412 1527 ad
434 1473 548 1544 septem
566 1463 686 1525 Galliae
708 1461 888 1540 provincias,
910 1463 929 1519 i.
945 1481 971 1520 e.
995 1461 1033 1519 ad
1055 1461 1216 1520 dioecesim
1231 1461 1435 1522 Viennensem
1458 1465 1614 1540 pertinens

279 1569 412 1646 (Haenel
434 1565 525 1646 Oorp.
547 1566 606 1644 leg.
636 1583 665 1642 p.
682 1563 756 1640 238)
783 1563 869 1622 ouius
896 1563 971 1622 haeo
991 1563 1084 1621 verba
1111 1571 1195 1620 sunt:
1223 1581 1309 1640 quum
1331 1574 1451 1640 propter
1474 1569 1613 1640 privatae

279 1689 314 1730 ao
331 1671 465 1748 publicus
487 1671 664 1728 nocerium
688 1668 723 1724 de
744 1665 865 1741 siopoiio
888 1663 1061 1735 civitatibus,
1083 1683 1140 1722 oon
1161 1665 1251 1724 auium
1265 1666 1301 1724 de
1315 1669 1473 1742 provinciis
1488 1669 1614 1744 ainpulis

279 1774 320 1831 od
345 1789 460 1830 eramen
487 1769 713 1845 nmquisiceotiae
741 1777 805 1825 tuae
832 1766 877 1824 vel
905 1765 1057 1824 honoratos
1087 1767 1224 1841 confluere
1251 1765 1297 1825 uei
1323 1769 1397 1826 mitti
1424 1768 1531 1844 deputor
1544 1780 1614 1846 ,out

275 1890 474 1950 possessorum
499 1871 611 1929 utilitas
639 1879 690 1928 out
711 1868 895 1944 publicorum
920 1870 995 1925 ratio
1022 1869 1118 1943 euipot
1136 1869 1332 1942 sanctionum,
1359 1872 1479 1928 monime
1504 1884 1613 1948 oppor-

265 1986 377 2034 'ianam
398 1983 424 2032 et
445 1970 619 2031 conducibile
640 1969 815 2039 iudicamus,
837 1979 878 2038 ot,
899 1977 1014 2026 sonata
1031 1969 1156 2044 postiae
1176 1972 1329 2046 quotannis
1350 1971 1473 2047 seopulis
1494 1989 1614 2032 eonsue-

280 2077 386 2144 tudine,
408 2076 556 2133 constituto
578 2081 711 2148 tempore,
732 2073 763 2128 in
783 2069 1012 2144 metropolitano,
1034 2070 1067 2128 id
1087 2079 1128 2129 eat
1147 2073 1178 2128 io
1192 2070 1358 2130 Arelatensi
1370 2072 1449 2143 urie,
1470 2077 1616 2151 incipiant

279 2185 384 2253 septem
399 2176 570 2251 provinciae
592 2173 693 2232 habere
714 2171 872 2230 concilium.

364 2275 397 2351 5)
419 2283 547 2346 oonstat,
569 2291 629 2332 nou
651 2273 753 2332 omnia
772 2272 947 2352 provinciae
968 2271 1080 2349 oppida
1101 2271 1140 2332 ad
1161 2273 1320 2333 concilium
1342 2275 1462 2338 misisse
1481 2277 1614 2354 legatos,

281 2378 335 2438 sed
356 2384 469 2436 eertum
490 2393 646 2434 numerum
661 2393 763 2434 earum
778 2374 942 2445 civitatum,
963 2373 1073 2452 quibus
1087 2373 1205 2434 minora
1219 2375 1331 2453 oppida
1344 2378 1486 2438 attributa
1499 2389 1613 2440 essent.

278 2479 343 2540 Idae
364 2478 500 2538 civitates
520 2477 553 2536 in
569 2475 679 2538 Galliis
700 2477 797 2536 tribus
819 2493 942 2534 numero
963 2475 1047 2535 fuere
1070 2475 1119 2548 64,
1141 2476 1173 2534 in
1187 2476 1310 2537 Etruria
1326 2478 1375 2551 15,
1396 2479 1428 2538 in
1441 2479 1537 2558 Lycia
1559 2481 1614 2542 23.

279 2579 524 2641 Consentaneum
545 2578 711 2655 igiturest,
733 2579 771 2637 ad
793 2577 921 2636 eoncilia
941 2576 1115 2653 prouinciae
1137 2595 1257 2654 quoque
1270 2580 1461 2654 pertinuisse,
1483 2584 1565 2658 qnod
1579 2586 1614 2644 in

278 2681 431 2760 plerisque
455 2680 619 2757 provinciis
644 2687 744 2738 eertus
769 2695 911 2738 numerus
933 2678 1086 2738 eivitamm
1108 2679 1290 2740 constitutus
1312 2680 1382 2754 fuit,
1408 2682 1439 2741 in
1461 2684 1537 2743 Asia
1559 2687 1614 2758 44,

279 2783 310 2842 in
336 2782 435 2842 Ponto
456 2781 637 2859 Bithyniaeo
662 2782 714 2853 11,
742 2781 773 2840 in
800 2780 898 2839 Ponto
919 2779 1134 2840 Polemoniaoo
1158 2781 1192 2853 6,
1218 2780 1250 2838 in
1272 2780 1390 2859 Cyrene
1413 2785 1441 2843 5.
1486 2785 1547 2848 Sed
1562 2788 1615 2860 ,de

280 2885 336 2942 hae
366 2883 588 2958 provinciarum
622 2881 755 2942 omnium
788 2882 939 2941 communi
971 2881 1159 2942 institutione
1193 2882 1373 2961 explicatius
1406 2885 1522 2946 dicendi
1551 2889 1617 2950 alia

279 2983 400 3043 dabitur
420 2983 549 3043 occasio.

1305 3122 1331 3181 Ι.
1353 3123 1569 3202 ninovensi,
