3568 6070
337 535 411 608 184
863 553 1135 608 unumunurn
1607 557 1654 610 aas

335 730 401 788 eius
423 728 560 788 vocabuli
580 729 721 806 quinque,
742 727 773 787 in
794 727 906 805 quibus
924 729 1064 788 omnibus
1085 745 1257 806 quanquam
1278 728 1309 787 in
1329 728 1407 788 facie
1428 727 1548 788 chartae
1569 745 1656 788 aruv-

335 845 455 928 utrusrs
476 830 552 890 illud
573 830 632 907 legi
653 848 745 907 possa
765 829 852 890 facile
874 829 1021 906 concedo,
1047 837 1146 890 tamen
1168 831 1199 888 in
1222 847 1331 889 aversa
1354 831 1435 889 clare
1459 831 1534 889 mihi
1558 831 1658 889 videor

334 934 518 1013 distinguere
538 933 616 992 idem
640 933 722 1009 quod
743 932 815 991 olim
837 934 867 991 iu
889 932 990 1010 lapide
1010 931 1072 1008 legi
1178 986 1180 996 ,

901 1120 1094 1164 AEllelENSlS

337 1280 458 1343 Scilicet
477 1279 629 1356 distinguo
652 1295 660 1336 r
681 1277 798 1337 litterae
820 1283 888 1336 aute
904 1295 925 1336 Μ
945 1279 1061 1354 positae
1075 1278 1192 1338 hastam
1207 1287 1329 1353 rectam,
1351 1299 1429 1357 quae
1443 1279 1527 1338 nullo
1542 1277 1659 1348 modov

335 1383 453 1442 litterae
474 1383 562 1441 hasta
582 1381 678 1439 altera
698 1379 793 1438 fuisse
814 1387 923 1456 potest,
944 1379 1003 1438 uisi
1024 1397 1199 1458 perversae;
1222 1380 1374 1458 distinguo
1395 1400 1421 1440 Μ
1437 1382 1567 1455 litterae,
1587 1399 1657 1458 quae

334 1483 496 1556 antecedit,
524 1491 640 1559 partem
662 1482 802 1555 alteram,
824 1500 891 1541 eum
913 1481 1041 1558 priorem
1064 1499 1161 1560 paene
1182 1483 1385 1541 oblitteratam
1407 1501 1476 1544 esse
1498 1491 1544 1543 tot
1564 1502 1657 1543 saecu-

335 1584 433 1644 lorum
459 1584 604 1644 imbribus
631 1599 762 1660 casuque
788 1591 902 1642 tantum
928 1583 1046 1641 hastam
1071 1583 1114 1642 ibi
1141 1589 1252 1642 rectam
1280 1603 1425 1661 apparere
1452 1595 1483 1646 et
1510 1587 1542 1645 in
1567 1586 1658 1662 lapide

335 1687 460 1748 viderim
482 1693 513 1744 et
534 1685 565 1744 in
587 1691 705 1762 ectypo,
729 1685 760 1743 in
781 1702 842 1760 quo
864 1683 940 1742 adeo
961 1685 1063 1761 anguli
1085 1686 1260 1762 superioris,
1282 1705 1371 1763 quem
1386 1687 1494 1746 hastae
1509 1704 1536 1746 Μ
1549 1688 1657 1747 litterae

335 1789 451 1866 priores
478 1787 538 1846 duo
563 1787 708 1859 formant,
736 1785 865 1864 vestigia
893 1785 1099 1863 deprehend03
1126 1803 1237 1846 tuero
1257 1787 1374 1847 litterae
1394 1807 1485 1866 quam
1507 1789 1658 1848 voluerunt

335 1889 467 1966 itemque
481 1905 503 1949 v
523 1887 604 1947 illius
626 1905 784 1965 perversae
806 1887 903 1946 lineas
925 1888 1082 1947 inferiores
1097 1888 1236 1948 fortuitas
1252 1908 1318 1949 esse
1333 1888 1491 1949 contendo.
1529 1888 1656 1968 Spatium

335 1999 436 2055 autem
456 2009 482 2050 Μ
504 1991 622 2049 litterae
643 1989 825 2048 conveniens
847 2005 863 2046 t
885 1997 957 2047 etv
978 1989 1095 2049 duabus
1116 1990 1296 2068 recipiendis
1316 1992 1406 2052 nimis
1427 1993 1525 2052 latum
1546 2001 1592 2052 est
1609 2010 1657 2072 pro

335 2097 424 2157 huius
452 2110 557 2154 versus
591 2091 740 2169 scriptura
767 2091 829 2150 alta
856 2097 886 2149 et
913 2092 1004 2150 tenui.
1054 2084 1224 2153 Secundum
1252 2091 1381 2170 denique
1408 2095 1503 2155 totius
1530 2094 1656 2155 vocabuli

335 2199 515 2258 elementum
541 2201 603 2253 tam
624 2207 641 2250 s
662 2211 752 2270 quam
775 2208 791 2251 r.
812 2209 880 2252 esse
901 2210 993 2270 posse
1014 2191 1131 2270 reliqua
1152 2193 1285 2254 eiusdem
1307 2195 1425 2256 litterae
1444 2195 1478 2254 iu
1500 2197 1557 2256 hoc
1577 2197 1655 2256 titulo

335 2299 476 2377 exempla
501 2296 717 2356 demonstrant.
758 2293 865 2371 Itaque
890 2313 979 2372 quam
1008 2313 1047 2353 ex
1074 2294 1184 2372 lapidis
1212 2280 1330 2356 curiosa
1350 2304 1380 2356 et
1399 2299 1531 2375 repetita
1550 2298 1655 2377 inspec-

335 2403 416 2461 tione
438 2401 511 2459 olim
534 2397 597 2457 erui
617 2397 777 2457 lectionem
799 2403 943 2474 ectypum
959 2395 1033 2455 mihi
1054 2395 1173 2456 videtur
1192 2397 1282 2476 plane
1302 2400 1509 2476 comprobare.
1607 2471 1610 2476 r

377 2500 438 2563 Sed
458 2521 496 2560 ne
518 2501 603 2561 solus
624 2497 798 2570 iudicarem,
819 2497 1039 2558 Mommsenum
1054 2505 1084 2558 et
1098 2497 1303 2559 Bormaunum
1323 2501 1436 2561 amicos
1459 2503 1574 2580 peritos
1594 2521 1654 2562 cou-

335 2604 425 2665 sului.
467 2601 511 2662 Hi
536 2602 635 2678 primo
661 2606 787 2678 aspectu
813 2606 892 2659 recte
916 2599 1028 2677 legisse
1051 2595 1234 2660 Saavedram
1261 2603 1416 2662 unanimes
1443 2604 1652 2676 iudicaveruut3

334 2727 368 2766 ro
396 2723 469 2766 vero
495 2704 663 2763 accuratius
691 2701 857 2779 ponderata
882 2710 1111 2774 concesserunt,
1139 2702 1344 2764 Mommseuus
1371 2691 1534 2764 ulitterae
1559 2706 1652 2764 saltem

289 2876 293 2884 ,
334 2809 463 2867 formam
489 2815 551 2864 tum
578 2803 762 2884 singularem
787 2803 915 2862 eradere
941 2811 971 2862 et
995 2820 1011 2862 ι
1032 2803 1150 2864 litterae
1170 2805 1281 2866 lineam
1302 2806 1475 2866 inferiorem
1497 2807 1584 2868 nimis
1602 2807 1652 2865 alte

335 2911 464 2988 positam
490 2925 574 2979 esse,
599 2906 790 2965 Bormanuus
816 2913 988 2982 praeterea,
1015 2923 1024 2963 1
1050 2915 1119 2965 ante
1146 2923 1167 2964 Μ
1195 2914 1306 2966 certam
1333 2926 1402 2968 esse
1428 2911 1612 2985 spatiumque
1629 2925 1651 2965 Μ
1754 2935 1755 2938 “

335 3002 452 3072 litterae
471 3009 568 3086 magis
590 3006 749 3068 convenire
770 3024 858 3084 quam
882 3022 898 3065 a
918 3014 999 3079 etv,
1021 3026 1175 3068 remouere
1196 3017 1295 3069 autem
1316 3011 1494 3088 scrupulum
1514 3010 1652 3088 inpriore

334 3122 421 3191 parte
441 3131 468 3172 Μ
487 3111 615 3170 litterae.

375 3215 535 3274 Postremo
555 3214 612 3272 hoc
633 3210 725 3284 addo,
750 3211 904 3270 Alluuiam
925 3209 1115 3271 Afluniumve
1136 3211 1272 3270 inaudita
1293 3229 1361 3272 esse
1382 3213 1515 3288 uomina,
1537 3225 1568 3274 ut
1587 3212 1650 3283 dixi,

333 3317 507 3378 Aeminium
533 3333 604 3374 vero
637 3324 740 3373 notum
768 3330 835 3374 esse
860 3311 1037 3373 Lusitaniae
1064 3312 1259 3390 municipium
1287 3313 1367 3373 haud
1394 3316 1501 3393 procul
1529 3317 1650 3376 situma

333 3439 407 3498 rupe
422 3416 570 3480 Gallaeca
589 3415 639 3477 cui
658 3415 765 3475 titulus
787 3414 824 3474 de
845 3432 905 3490 quo
927 3414 1044 3490 agimus
1065 3413 1228 3492 inscriptus
1244 3424 1290 3474 est
1312 3415 1363 3493 (ci.
1385 3417 1418 3476 Il
1439 3435 1470 3494 p.
1486 3419 1527 3477 40
1547 3437 1576 3478 n.
1590 3416 1649 3475 500.

334 3520 420 3598 954).
455 3518 543 3580 Unde
564 3517 682 3578 confido
697 3517 834 3576 homines
848 3515 879 3576 iu
894 3517 989 3576 titulis
1003 3515 1139 3593 legendis
1154 3517 1346 3592 exercitatos,
1369 3520 1421 3596 qui
1435 3528 1544 3597 postea
1556 3535 1648 3578 saxum

332 3623 502 3700 inspicient,
524 3639 621 3680 meam
641 3619 800 3679 lectionem
822 3635 891 3677 esse
913 3617 1149 3678 confirmaturos.
1194 3625 1196 3628 ’

334 3828 404 3890 293
427 3829 465 3888 In
479 3829 558 3888 valle
573 3827 699 3907 Singilis
713 3828 798 3887 fluvii
812 3845 872 3886 non
887 3826 991 3903 procul
1005 3826 1043 3885 ab
1057 3827 1178 3886 Iliberri
1199 3826 1252 3903 (cf.
1266 3828 1299 3888 II
1316 3848 1346 3906 p.
1359 3827 1433 3906 283)
1455 3848 1548 3906 prope
1562 3828 1646 3905 parie-

364 3932 453 3994 tinas
474 3930 580 4003 villae,
607 3937 641 3989 ut
662 3929 789 4002 videtur,
816 3929 946 3989 rusticae
974 3928 1108 3988 detectae
1128 3929 1160 3987 in
1180 3930 1304 4008 praedio
1327 3929 1405 3990 dicto
1427 3932 1463 3992 da
1482 3927 1646 4006 Derepcleje

375 4033 507 4110 (tomice
527 4033 562 4091 dc
576 4029 666 4091 Pinea
681 4029 799 4102 Pacete,
815 4032 1008 4106 jurisdiecioe
1028 4031 1063 4090 de
1080 4031 1272 4108 Tresmdler),
1294 4032 1374 4092 circa
1387 4031 1508 4092 Leoier
1520 4033 1609 4092 mcum
1620 4029 1645 4086 iu

375 4136 499 4195 sinistra
519 4134 602 4192 fluvii
624 4133 700 4210 ripa,
721 4133 754 4191 in
775 4133 802 4191 el
815 4132 926 4192 Melino
948 4132 995 4192 del
1008 4133 1070 4210 Ray
1091 4131 1187 4210 (quod
1207 4134 1337 4210 pertinet
1358 4134 1395 4193 ad
1417 4133 1503 4194 ducis
1516 4131 1644 4206 Welling·

373 4238 448 4296 tonii
468 4236 623 4314 praedium
639 4233 710 4296 Seto
732 4236 767 4293 de
780 4233 897 4312 Reme),
918 4235 950 4293 in
972 4235 1083 4294 oliveto
1106 4254 1124 4294 a
1145 4234 1268 4294 sinistra
1288 4235 1366 4309 viae,
1388 4255 1466 4313 quae
1488 4235 1567 4294 ducit
1585 4232 1643 4292 lllo·

372 4359 446 4413 ram,
468 4343 573 4398 extant
587 4337 752 4413 parietinae
768 4336 907 4414 antiquae
922 4335 1022 4414 operis
1038 4337 1223 4396 caementicii
1239 4337 1287 4414 (do
1301 4339 1481 4415 aspectura),
1502 4355 1573 4413 quae
1586 4350 1641 4409 spa-

372 4443 446 4500 tium
467 4440 647 4517 quadratum
668 4440 791 4515 cingunt
812 4458 831 4498 a
853 4438 942 4514 vulgo
964 4437 1075 4496 dictum
1098 4438 1125 4497 cl
1142 4436 1284 4510 Cesarea,
1307 4431 1337 4498 et
1357 4441 1459 4498 metris
1481 4437 1592 4498 circiter
1609 4431 1641 4491 50

371 4542 440 4601 inde
462 4558 567 4601 versus
594 4540 812 4618 septentriones
841 4539 1011 4616 sepulcrum
1038 4539 1109 4598 item
1135 4540 1246 4600 factum
1273 4559 1313 4600 ex
1338 4559 1427 4620 opere
1453 4535 1639 4618 caementicio,

372 4644 421 4701 cui
443 4643 577 4718 impositi
598 4643 806 4720 suntlapides
829 4642 887 4700 duo
909 4641 1048 4716 grandes.
1092 4640 1205 4699 Eorum
1233 4641 1320 4701 alteri
1341 4642 1502 4720 inscriptus
1523 4649 1566 4701 est
1583 4639 1638 4696 titu-

372 4741 420 4799 lus
442 4741 491 4802 hic
512 4744 621 4803 litteris
642 4765 701 4804 nou
724 4745 825 4820 bonis3

759 4921 778 4958 a
842 4915 1147 4960 unislaw-1¹

843 5017 1032 5062 nvsrtcu
1059 5031 1066 5044 ·
1093 5017 1147 5060 ΛΝ

842 5119 975 5163 ORVld
1007 5118 1147 5162 ·xx11

843 5219 1146 5265 uic-sitammam
