3620 6080
387 549 461 621 224
959 565 1141 640 nouusnn

386 739 491 800 aetatis
507 736 703 800 Gracchanae
725 738 911 815 scriptorem,
934 738 987 798 sed
1009 747 1123 798 uttam
1143 739 1175 798 in
1190 735 1292 800 Samio
1313 739 1400 799 titulo
1421 760 1507 818 quam
1521 747 1592 820 apud
1604 747 1679 825 Poly-

385 842 466 901 bium
492 839 581 916 plena
606 837 808 898 denominatio
830 837 994 922 στρατηγοῦ
1017 829 1124 897 cincimo
1151 841 1327 916 breviorque
1347 831 1455 899 dacisca
1476 844 1640 906 alternentur
1657 859 1680 907 et

386 941 467 1020 apud
494 941 572 1000 hunc
598 940 716 1017 quidem
743 939 833 1016 plena
858 957 929 1000 raro
954 939 1136 1012 inveniatur,
1169 941 1284 1000 scilicet
1311 949 1357 1000 ter
1382 948 1493 1002 tantum
1519 945 1564 1020 (l,
1589 945 1635 1019 52,
1657 951 1678 1008 t.

387 1046 415 1114 6,
434 1045 481 1113 14,
497 1041 531 1113 2,
553 1041 604 1100 ubi
625 1059 679 1099 cur
698 1041 804 1117 nuperi
826 1039 955 1100 editores
978 1043 1142 1123 στρατηγοῦ
1162 1041 1340 1100 vocabulum
1361 1043 1540 1116 induxerint,
1559 1065 1612 1104 non
1629 1067 1680 1123 per-

387 1145 492 1222 spicio.
532 1143 579 1214 18,
594 1142 634 1200 46
650 1139 715 1217 [29]
731 1143 749 1200 5
771 1142 804 1200 in
818 1141 924 1214 edicto,
938 1158 998 1218 quo
1013 1140 1202 1210 Flamininus
1219 1140 1365 1201 Graeciae
1378 1144 1504 1221 populos
1518 1145 1616 1204 liberos
1629 1166 1680 1206 esse

385 1245 497 1320 iubet),
519 1261 585 1302 cum
607 1233 714 1301 ῦπατοο
734 1242 814 1300 nude
834 1236 949 1318 passim
971 1241 1097 1317 legatur.
1141 1241 1210 1300 Ho'c
1230 1242 1383 1318 proprium
1405 1253 1454 1303 est
1473 1243 1592 1322 Polybio
1611 1255 1636 1306 et
1653 1251 1681 1306 ab

385 1349 454 1424 ipso
476 1343 507 1404 ni
528 1343 617 1402 fallor
637 1341 840 1419 excogitatum
861 1342 1065 1418 ambiguitatis
1087 1343 1184 1402 omnis
1204 1343 1363 1402 evitandae
1385 1345 1497 1418 studio,
1522 1347 1596 1422 quod
1614 1366 1681 1422 prae·

386 1457 481 1506 torem
508 1463 569 1503 non
595 1434 756 1526 στρατηγδν
781 1441 859 1501 nude
886 1441 971 1516 dicit,
999 1441 1051 1502 sed
1073 1451 1124 1501 aut
1145 1438 1305 1526 στρατηγὸν
1326 1435 1499 1524 {goniaeam
1519 1447 1682 1522 (3,106,’6)

386 1557 438 1606 aut
458 1537 634 1626 ἑξαπέλοκυν
653 1543 731 1602 nude
754 1542 798 1617 (3,
813 1542 864 1613 40,
882 1545 916 1601 11
935 1542 999 1619 al.).
1036 1540 1149 1608 Contra
1164 1543 1212 1602 ubi
1228 1537 1390 1628 στρατηγῦς
1405 1547 1483 1604 nude
1496 1547 1682 1624 legiturneqce

386 1646 568 1726 appellative
589 1643 760 1721 ponitur¹),
786 1643 839 1701 sed
860 1643 898 1700 ad
920 1645 1127 1720 magistratum
1149 1645 1378 1720 designandum,
1399 1646 1443 1705 ibi
1462 1666 1522 1705 non
1543 1657 1682 1722 praetorem

384 1748 558 1826 significari,
575 1743 628 1804 ssd
642 1744 796 1803 consulem
809 1744 867 1802 viri
881 1743 961 1802 docti
976 1743 1088 1803 dudum
1100 1745 1312 1806 intellexerunt
1321 1741 1371 1822 ²)3·
1387 1745 1431 1806 ita
1444 1749 1476 1806 in
1489 1747 1598 1806 foedere
1611 1750 1682 1805 heto-

386 1850 443 1908 lico
460 1848 509 1919 21,
525 1845 574 1918 32,
593 1845 630 1904 13
645 1843 708 1920 [QZ
725 1845 773 1915 15,
791 1844 854 1920 13]:
874 1835 915 1901 ἐπὶ
929 1836 1046 1902 Λουκίου
1063 1838 1189 1902 Κοοντοόυ
1204 1835 1251 1902 nni
1266 1840 1367 1904 Patrico
1380 1829 1524 1915 *thomarico
1534 1841 1683 1931 rrpdryyoia

385 1952 457 2010 item
479 1947 518 2006 23
535 1945 610 2024 [24],
628 1949 660 2016 1,γ
676 1946 704 2004 8.
747 1943 836 2004 Unde
858 1946 948 2004 etiam
969 1946 1131 2022 proconsul
1152 1965 1171 2003 a
1192 1945 1321 2024 Polybio
1342 1966 1402 2005 non
1424 1949 1521 2007 solum
1541 1939 1682 2006 ἀνθύπατος

385 2051 504 2120 dicitur,
526 2047 578 2106 sed
600 2049 670 2106 item
688 2036 909 2128 ἀντιστράτηγος
931 2046 975 2121 (3,
993 2047 1061 2119 106,
1077 2039 1105 2105 2.
1128 2045 1178 2119 28,
1195 2045 1223 2118 3,
1242 2048 1283 2123 1),
1306 2067 1489 2125 quamquam
1503 2049 1558 2112 boo
1570 2051 1646 2107 etiam
1658 2050 1685 2106 de

386 2159 579 2227 propraetore
593 2147 750 2224 usurpavit
768 2145 832 2222 (15,
848 2147 878 2220 4,
896 2147 937 2222 1).
972 2147 1062 2225 Apud
1077 2157 1215 2208 auctores
1230 2149 1411 2224 posteriores
1427 2169 1481 2209 eae
1494 2149 1685 2210 locationes-ihi

386 2251 521 2322 redeunt,
543 2247 593 2308 ubi
608 2247 769 2325 Polybium
791 2247 990 2324 compilarunt
1011 2249 1154 2307 imitativa
1176 2256 1260 2320 sunt;
1281 2249 1325 2307 ita
1345 2249 1534 2310 Flamininus
1553 2245 1687 2334 στρατηγὸο

385 2345 492 2413 dracas
506 2338 614 2409 dicitur
627 2349 706 2427 apud
721 2349 917 2408 Plutarchum
932 2346 993 2407 Tit.
1008 2349 1045 2406 10
1060 2350 1091 2407 io
1106 2368 1142 2407 eo
1156 2349 1165 2406 i
1169 2361 1225 2426 pso
1241 2347 1337 2408 edicto
1352 2347 1389 2408 de
1406 2349 1536 2410 Graecia
1548 2349 1685 2421 liberanda,

386 2446 495 2512 ῦπατοτ
515 2441 675 2535 στρατηγός
695 2450 731 2508 P.
746 2449 881 2508 Licinius
903 2449 1008 2508 consul
1029 2468 1056 2508 a.
1073 2449 1133 2508 583
1156 2449 1236 2525 apud
1257 2451 1383 2508 eundem
1404 2453 1436 2509 in
1456 2452 1687 2530 apophthegmatis

385 2573 448 2634 reg.
475 2563 505 2612 et
529 2551 601 2630 imp.
627 2569 657 2627 p.
679 2549 739 2610 239
759 2549 928 2626 Ducbn.³).
977 2549 1139 2608 Praeterea
1166 2561 1266 2610 autern
1291 2551 1472 2626 praesertim
1500 2553 1531 2610 in
1556 2553 1640 2610 titulis
1663 2561 1687 2609 ut

386 2663 506 2732 praetor
532 2641 706 2736 στρατηγός,
734 2651 778 2711 ita
803 2651 910 2710 consul
936 2658 1109 2718 constanter
1135 2651 1305 2728 appellatur
1330 2643 1438 2714 ῦπατος
1465 2671 1557 2730 neque
1583 2653 1687 2727 amplius

386 2755 463 2814 redit
484 2754 646 2832 appellatio
669 2752 833 2834 στρατηγοῦ
854 2741 975 2810 ὑπάτου.

470 2857 520 2913 Ab
546 2854 603 2912 hac
629 2851 793 2935 στρατηγοῦ
817 2845 926 2908 dmiccc
953 2853 1214 2930 interpretatione,
1244 2873 1332 2932 quam
1361 2855 1434 2916 mihi
1465 2858 1612 2933 probatam
1636 2849 1688 2912 aliis

387 2955 580 3033 comprobare
602 2953 715 3022 studui,
736 2951 827 3029 longe
845 2951 1046 3025 disceditea,
1069 2973 1158 3030 quam
1174 2953 1426 3031 Waddingtonius
1450 2957 1589 3034 exposuit
1606 2955 1639 3014 ad
1655 2954 1689 3012 in·

286 3076 302 3099 ·
387 3056 580 3133 scriptionem
614 3071 706 3130 supra
732 3053 853 3110 citatam
882 3053 1017 3130 syllogae
1045 3069 1118 3114 suaa
1146 3076 1175 3114 n.
1198 3055 1269 3115 588.
1324 3055 1447 3117 Scilicet
1473 3058 1576 3116 merito
1601 3056 1690 3114 reiecta

386 3157 534 3217 Boeckhii
556 3155 703 3214 sententia
722 3153 777 3212 illa
796 3153 949 3212 locutione
970 3154 1131 3230 significari
1153 3155 1258 3215 ducem
1279 3157 1467 3234 eundemque
1484 3158 1627 3218 consulem
1639 3156 1690 3232 ipse

385 3258 542 3318 Viscontio
557 3255 727 3316 adsentiens
743 3254 895 3314 contendit
907 3255 1069 3332 significari
1083 3256 1126 3314 it'a
1141 3256 1245 3315 ducem
1260 3247 1417 3318 summum.
1456 3251 1617 3342 Στρατηγῦς
1628 3248 1687 3314 ῦπα-

386 3381 434 3418 τοο
445 3351 598 3426 Ῥωμαίων,
618 3356 725 3432 inquit,
747 3356 857 3432 tipnifie
875 3352 998 3432 ‘ydatral
1018 3375 1051 3415 en
1073 3357 1140 3432 cites
1156 3359 1204 3415 des
1218 3353 1378 3428 Romains’,·
1403 3360 1444 3419 los
1463 3371 1534 3420 νηοῖο
1555 3351 1691 3442 στρατηγὲς

387 3471 413 3519 et
433 3451 542 3518 ὕπατος
562 3467 627 3518 sont
648 3456 787 3532 employa
809 3459 848 3514 iot
868 3457 942 3516 duas
964 3457 990 3515 tc
1011 3475 1074 3516 sens
1088 3457 1173 3534 qo’ita
1188 3469 1237 3518 ont
1249 3461 1368 3519 obes-las
1382 3471 1501 3520 auteurs
1514 3479 1601 3537 precs,
1621 3465 1691 3516 cocat

386 3551 473 3636 qa'ita
501 3563 625 3618 strarant
649 3561 668 3616 d
692 3557 824 3633 designer
846 3558 885 3616 lea
900 3557 1046 3632 fonctions
1067 3562 1207 3618 romainaa
1230 3562 1264 3618 dc
1280 3561 1399 3635 pra'tear
1421 3571 1450 3620 at
1468 3564 1503 3620 dc
1524 3562 1624 3621 coarat.
1660 3559 1692 3616 ht

387 3663 516 3738 primum
538 3677 695 3734 nusquam,
718 3659 800 3733 quod
821 3659 923 3730 sciam,
945 3675 1042 3734 neque
1055 3659 1201 3736 Polybius
1223 3677 1320 3736 neque
1342 3661 1420 3720 alius
1443 3663 1599 3738 quisquam
1618 3658 1691 3732 scrip·

387 3772 435 3820 tor
457 3759 591 3820 Graecus
618 3759 782 3841 στρατηγοῦ
802 3752 909 3815 ὑπάτου
936 3759 1138 3836 appellatione
1159 3761 1259 3833 utitur,
1286 3761 1348 3820 nisi·
1365 3761 1416 3820 ubi
1439 3763 1547 3822 consul
1567 3759 1691 3839 significa·

331 3903 336 3916 .
386 3873 445 3934 tur,
467 3870 508 3919 ut·
520 3877 617 3937 neque
638 3859 763 3918 dictator
783 3858 826 3917 ita
847 3859 1017 3936 appellatus
1038 3861 1207 3933 inveniatur
1226 3879 1323 3938 neque
1337 3871 1460 3938 praetor
1473 3864 1511 3934 is,
1533 3862 1610 3940 apud
1622 3877 1692 3937 qoem

388 3981 505 4024 summa
530 3961 647 4038 imperii
675 3951 727 4030 sit,
753 3977 850 4035 neque
876 3959 1004 4036 denique
1030 3954 1265 4044 ἄρχοστρατηγός
1286 3961 1445 4039 quisquam
1466 3982 1529 4021 non
1549 3963 1691 4022 Romanus.

386 4065 484 4123 Porro
509 4073 542 4122 ut
563 4061 761 4121 concedamus
784 4077 932 4118 summum
954 4061 1061 4119 ducem
1083 4058 1298 4120 Graece'recte
1317 4062 1378 4126 ¹dici
1399 4063 1536 4138 potuisse
1556 4051 1693 4146 στρατηγὸν

387 4159 503 4232 ὕπατον,
525 4165 653 4240 primum
675 4179 742 4221 eam
763 4160 977 4238 cogitationem·
993 4161 1100 4220 iisdem
1121 4161 1210 4238 plane
1224 4163 1324 4221 verbis
1347 4163 1495 4224 enuntiari
1518 4171 1549 4223 et
1567 4165 1595 4222 in
1616 4159 1692 4219 titulis

388 4338 590 4348 m

465 4468 488 4529 ¹)
517 4469 557 4518 Ita
572 4469 597 4528 1,
613 4469 656 4528 11,
672 4466 700 4516 3:
720 4453 950 4534 προχοιρισοῖμονος
967 4453 1011 4513 rob
1030 4458 1110 4532 ἕτερον
1123 4463 1169 4514 οῦν
1181 4453 1275 4512 circitor
1289 4453 1427 4532 rcfarryyo'r
1445 4473 1471 4515 et
1484 4465 1548 4515 alibi
1559 4464 1654 4530 passim.
1667 4485 1692 4496 -

387 4557 548 4608 Dictaturam
560 4557 684 4621 Polybius
703 4571 804 4621 semper
822 4555 936 4620 appellat
953 4557 1056 4606 nomine
1069 4555 1172 4617 Latino,
1192 4571 1356 4620 quamquam,
1375 4557 1420 4608 ubi
1438 4570 1492 4606 non
1511 4569 1604 4606 nomen
1614 4562 1694 4617 ponere

387 4647 452 4708 vult,
478 4649 524 4698 sed
547 4648 679 4710 dictatoris
703 4653 854 4712 potestatem
878 4647 914 4696 ita
937 4647 1058 4708 delinire,
1085 4653 1113 4695 ut
1132 4645 1225 4698 Graeci
1243 4647 1427 4696 lecmreaeam
1446 4638 1608 4710 intellegant,
1630 4641 1694 4692 utitur

388 4737 513 4790 vocabulo
533 4735 670 4804 στρατηγοῦ
688 4725 875 4806 αῦτοτιρᾶτορος.
1181 4769 1184 4773 -

464 4824 489 4888 ²)
515 4827 667 4878 Perizonius
695 4809 824 4879 animadv.
849 4827 909 4878 bist.
935 4827 989 4878 cI
1014 4843 1039 4891 p.
1058 4827 1093 4878 36
1119 4827 1159 4876 sd.
1184 4811 1388 4878 Amstelaedami
1412 4843 1435 4880 a„
1457 4827 1538 4878 1685.
1580 4821 1693 4882 Schweig-

388 4915 496 4966 haeuser
513 4916 565 4965 vol.
580 4918 595 4966 9
614 4933 640 4982 p.
656 4918 717 4968 566.
1433 4963 1436 4972 ,

370 5053 373 5056 .
463 5001 488 5068 ⁸)
515 5004 593 5066 Quod
608 5015 743 5072 praeterea
761 4989 837 5059 affert
854 5007 1005 5060 Perizonius
1024 5008 1054 5058 O.
1073 5005 1212 5073 Popillium
1231 5009 1364 5058 consulem
1383 5007 1473 5058 atta
1493 5005 1629 5060 secundum
1644 5000 1693 5051 Plu·

384 5095 503 5146 archum
529 5096 559 5146 O.
583 5096 729 5150 Gracch4
753 5099 919 5152 Gracchancs
944 5114 976 5150 sa
1002 5097 1105 5150 civitate
1129 5099 1258 5164 expulisse
1282 5093 1474 5168 στρατηγοῦντα,
1501 5097 1594 5148 rectius
1617 5091 1695 5157 optut!

387 5187 515 5240 erroribus
534 5189 646 5239 auctoris
665 5187 882 5261 adnumerabitur.
