3620 6080
561 633 745 686 33133333.
769 634 972 690 anvamvn.
1356 623 1428 694 231

112 805 190 866 vides
215 805 291 862 haec
318 805 420 864 omnia
445 803 526 862 dicta
551 821 619 862 3333
651 803 687 862 (13
714 805 787 862 aede
819 817 906 864 extra
930 807 1034 866 urbem
1061 811 1170 885 posita.
1219 812 1326 870 deinde
1352 814 1431 890 quod

110 906 182 964 idem
203 905 384 966 Plutarchus
406 905 494 963 Rom.
518 903 556 962 27
584 911 688 962 namet
714 906 876 964 secundum
903 909 1050 983 quosdam
1070 911 1232 971 Romulum
1259 911 1286 970 ἓν
1307 917 1350 988 τῷ
1370 915 1433 998 ἱερῷ

110 1007 157 1063 τοῦ
175 999 335 1080 Ἡφαίστου
358 1027 377 1064 3
398 1006 585 1067 senatoribus
607 1005 739 1064 occisum
760 1023 838 1077 esse,
861 1025 896 1065 3ο
915 1008 982 1066 1333
1004 1009 1064 1066 iam
1080 1009 1225 1071 Sachsius
1243 1015 1257 1070 1
1282 1033 1310 1088 p.
1329 1015 1366 1072 17
1389 1017 1433 1074 113

110 1125 177 1166 3333
193 1114 267 1180 erat,
289 1113 322 1166 ut
337 1109 441 1165 aedem
456 1108 487 1165 in
501 1107 630 1166 Volcani
652 1125 723 1166 area
743 1127 776 1165 re
795 1126 867 1166 vera
880 1107 975 1168 fuisse
989 1120 1069 1169 recte
1083 1122 1215 1188 negaret,
1236 1114 1432 1175 Plutarchum

110 1209 143 1266 de
169 1227 205 1266 ea
232 1209 364 1284 cogitare
389 1207 469 1266 falso
496 1209 676 1266 adfirmaret.
718 1225 788 1266 nam
811 1208 988 1285 quicumque
1008 1211 1137 1286 ineptias
1157 1214 1231 1272 istas
1253 1217 1434 1292 excogitavit

109 1311 132 1367 is
151 1308 314 1367 Romulum
339 1309 372 1367 in
398 1327 504 1386 campo
530 1309 646 1386 perisse
672 1327 783 1385 negare
809 1328 871 1368 non
897 1319 1028 1386 poterat3
1061 1312 1148 1370 finxit
1174 1321 1273 1374 autem
1298 1326 1434 1376 senatum

110 1418 173 1467 ante
198 1419 320 1486 portam
345 1411 521 1468 convenisse
549 1410 580 1466 in
603 1428 639 1466 ea
660 1409 743 1481 aede,
766 1427 843 1484 quae
864 1419 971 1486 postea
996 1413 1040 1470 ibi
1060 1413 1140 1472 facta
1162 1424 1215 1486 est,
1243 1424 1276 1474 ut
1298 1419 1435 1477 similiter

108 1511 204 1568 fictum
228 1528 295 1570 esse
317 1510 404 1568 docui
427 1510 507 1586 quod
530 1511 566 1569 de
588 1518 695 1568 senatu
721 1510 752 1566 in
779 1511 852 1569 aede
873 1511 940 1568 Iani
961 1512 999 1570 ad
1025 1514 1172 1572 theatrum
1195 1516 1331 1574 Marcelli
1355 1519 1434 1577 facto

109 1611 183 1686 apud
199 1610 326 1669 Festum
341 1611 468 1688 legimus
483 1630 521 1668 ex
535 1611 638 1670 nescio
654 1610 762 1685 quihus
778 1611 935 1670 annalibus
952 1622 1123 1689 excerptum
1140 1615 1180 1689 (v.
1195 1616 1314 1676 Hermes
1329 1619 1358 1689 4,
1374 1617 1436 1677 234

113 1712 177 1787 Top.
201 1711 233 1784 2,
256 1711 314 1770 167
339 1711 387 1787 3.).
435 1729 540 1770 ansam
572 1712 714 1788 praebere
746 1713 880 1787 potuisse
912 1713 1022 1770 talibus
1055 1717 1230 1774 commentis
1263 1721 1436 1778 senaculum

107 1830 168 1870 cum
197 1813 354 1872 Volcanali
376 1812 565 1870 coniunctum
587 1819 616 1869 et
639 1809 781 1872 Sachsius
803 1812 823 1869 l.
846 1831 869 1870 o.
892 1812 967 1870 vidit
988 1832 1042 1871 nec
1063 1815 1213 1891 ignoravit
1234 1818 1299 1892 ipse
1321 1820 1437 1878 Detlef-

108 1931 196 1973 senus
217 1913 238 1970 l.
262 1933 288 1972 c.
315 1934 345 1990 p.
371 1912 439 1970 151.
466 1945 508 1954 -
539 1913 712 1988 ignoramus
746 1931 806 1988 quo
838 1922 972 1989 tempore
1003 1914 1085 1972 facta
1113 1917 1152 1974 311
1177 1919 1266 1976 33133
1294 1919 1436 1979 Volcani:

106 2014 282 2074 crediderim
303 2023 403 2072 tamen
425 2031 493 2072 esse
514 2032 605 2072 unam
621 2013 658 2071 de
672 2013 786 2084 multis,
810 2013 846 2071 de
867 2031 993 2088 quarum
1009 2015 1133 2091 origine,
1156 2020 1183 2076 31
1197 2018 1317 2078 Liviani
1338 2023 1438 2097 operis

106 2115 169 2173 libri
200 2115 271 2174 inde
298 2117 336 2174 ab
363 2113 519 2174 undecimo
549 2115 588 2172 ad
608 2114 784 2172 vicesimum
806 2123 954 2186 extarent,
980 2124 1138 2175 constaret.
1182 2138 1234 2178 eos
1263 2121 1353 2180 libros
1386 2124 1439 2198 qui

106 2216 308 2291 epitomarunt
333 2234 401 2274 raro
428 2216 629 2274 dedicationes
656 2215 845 2289 templorum,
873 2234 998 2290 quorum
1024 2237 1134 2294 magna
1159 2239 1230 2296 pars
1257 2229 1363 2296 postea
1388 2233 1439 2282 aut

105 2317 283 2376 interierunt
311 2325 364 2374 aut
389 2323 468 2374 certe
489 2335 595 2392 parum
618 2315 737 2391 cognita
757 2315 885 2388 fuerunt,
911 2316 1072 2376 lectoribus
1095 2321 1158 2377 suis
1180 2321 1307 2396 prodere
1329 2343 1438 2400 operae

105 2419 235 2493 pretium
263 2417 427 2475 duxeruut:
460 2435 496 2476 eo
525 2416 621 2492 magis
647 2415 808 2474 dolendum
834 2423 889 2487 est,
922 2417 1002 2493 quod
1024 2419 1062 2476 ad
1094 2438 1163 2477 rara
1190 2421 1264 2480 haec
1290 2423 1439 2482 fastorum

106 2536 262 2578 sacrorum
284 2519 412 2594 vestigia
432 2517 612 2593 topographi
634 2535 695 2574 non
718 2517 791 2575 33113
814 2517 1012 2576 attenderunt.
1045 2520 1138 2578 veluti
1152 2521 1264 2580 frustra
1285 2525 1365 2600 apud
1387 2543 1439 2583 333

25 2631 29 2642 ’
105 2620 297 2696 quaesiveris
333 2619 506 2679 memoriam
538 2617 622 2676 aedis
655 2618 740 2676 Palis
773 2637 792 2674 a
823 2619 864 2675 M.
897 2619 993 2677 Atilio
1026 2639 1052 2676 a.
1081 2621 1141 2678 487
1174 2633 1271 2693 votae,
1309 2624 1346 2682 de
1378 2643 1438 2700 qna

105 2720 216 2780 Florus
241 2722 269 2792 l,
294 2719 342 2793 15,
365 2719 419 2777 20:
453 2720 603 2778 3113133
626 2723 776 2778 certamine
796 2722 922 2793 pretium
949 2721 1081 2794 templu-m
1114 2722 1169 2778 3111
1191 2728 1327 2796 pastorio
1353 2725 1440 2784 Palea

103 2823 177 2880 altro
199 2825 342 2898 poposcit,
367 2819 489 2880 Scholia
511 2819 600 2879 Bern.
623 2819 662 2876 ad
683 2817 775 2894 Verg.
798 2817 852 2878 Ge.
877 2820 906 2891 3,
931 2821 945 2876 1
971 2820 1090 2896 (mepnu
1111 2821 1227 2898 Ρ3133).·
1250 2828 1350 2900 templo
1375 2831 1441 2884 313

104 2923 215 2999 Reputo
239 2925 387 2982 3333111313
411 2921 568 2980 Sallentini
589 2922 750 2978 3131131131.
783 2920 940 2979 Brundisii
961 2921 1171 2996 imperatorem
1193 2923 1363 2984 Romanurn
1384 2929 1441 2986 hoc

104 3025 252 3102 templum
273 3023 381 3081 fecisse
404 3022 471 3098 quis
496 3021 596 3080 credet
616 3020 752 3078 Prellero
776 3021 881 3097 (Myra
904 3042 933 3098 p.
951 3021 1044 3096 365)1

191 3124 416 3200 Relinquantur
442 3141 530 3182 sacra
556 3122 646 3180 huius
674 3121 733 3178 disi
760 3122 831 3180 bina
861 3122 1011 3198 Quir(ino)
1039 3126 1070 3182 13
1094 3124 1174 3194 33113,
1203 3125 1363 3203 Vollc(uno)
1387 3129 1441 3205 [13]

105 3230 228 3285 comitio.
274 3225 428 3284 comitium
457 3223 564 3282 aetatis
597 3222 689 3292 illius,
721 3241 759 3280 ne
792 3221 924 3297 abripiar
955 3223 1054 3281 alieno
1086 3224 1154 3282 loeo
1186 3225 1218 3282 in
1251 3229 1440 3301 quaestiones

104 3327 317 3398 difficillimas,
350 3325 423 3384 satis
452 3325 491 3382 sit
517 3323 671 3382 monuisse
698 3342 759 3380 non
785 3339 852 3380 3333
878 3322 976 3398 ipsam
999 3321 1127 3380 Volcani
1149 3341 1264 3397 aream,
1293 3329 1347 3386 sed
1368 3327 1441 3388 Vol-

104 3427 207 3486 canali
235 3427 409 3486 subiectum.
452 3425 485 3482 in
512 3425 631 3482 comitio
657 3423 759 3500 igitur,
792 3422 843 3480 ubi
869 3421 1107 3498 Quinquatribus
1141 3424 1210 3481 salii
1244 3445 1310 3484 cnm
1342 3432 1441 3502 ponti·

104 3529 216 3588 ficibus
244 3533 274 3586 et
301 3527 430 3585 tribunis
458 3526 588 3584 celerum
619 3524 777 3595 faciehant,
811 3541 929 3582 sacrum
957 3521 1091 3580 Volcano
1123 3532 1185 3582 tum
1218 3525 1317 3584 fiebat.
1360 3530 1442 3589 haud

103 3630 255 3706 procula
278 3627 398 3686 comitio
426 3628 459 3684 in
484 3627 551 3703 ipso
576 3626 642 3684 foro
669 3625 806 3683 audimus
834 3625 906 3682 deae
932 3643 998 3681 cum
1021 3622 1157 3682 Volcano
1180 3626 1441 3689 coniunctissimas

106 3731 238 3808 aplebe
252 3729 392 3787 Romana
413 3728 498 3804 ignes
521 3745 589 3786 3333
611 3743 764 3784 accensos.
798 3743 866 3783 nam
888 3726 932 3782 ita
944 3723 1055 3782 Festus
1077 3743 1107 3800 p.
1124 3725 1183 3782 311
1191 3748 1198 3784 :
1227 3725 1327 3786 Statue
1340 3736 1441 3791 3131313

104 3832 295 3890 simulacrum
326 3833 357 3886 13
382 3831 452 3903 soro
486 3827 640 3886 colebatur.
679 3837 834 3902 postquam
865 3828 899 3884 111
915 3823 943 3896 -1
969 3825 1148 3884 collustravit
1176 3845 1210 3885 ne
1237 3829 1349 3904 lapides
1377 3837 1443 3908 tpne
1551 3906 1554 3910 Ι

105 3939 358 4008 corrumperentur
379 3927 823 4004 3313131131(3133131333(1.)
845 3927 885 3984 111
899 3927 1008 4002 fiebunt
1026 3937 1162 3986 nocturno
1185 3939 1316 4004 ternpore,
1338 3953 1443 4009 napae

101 4053 182 4110 pura
206 4031 312 4109 populi
340 4033 370 4088 13
399 4048 465 4089 3333
495 4033 615 4106 quisque
640 4033 716 4086 31333
744 4028 914 4088 rettulerunt
938 4031 997 4086 eiua
1025 4029 1094 4087 deae
1115 4028 1227 4086 cultum.
1271 4041 1443 4108 corruptum

103 4136 184 4194 illud
206 4133 386 4193 collastravit
407 4131 583 4189 Huschhins
605 4131 734 4188 correxit
755 4129 912 4188 scribendo
934 4129 1014 4188 Cotto
1035 4131 1145 4187 anuuit.
1179 4136 1210 4186 at
1232 4131 1300 4204 quis
1324 4141 1370 4190 est
1390 4136 1443 4193 ille

106 4235 203 4296 Cotta
224 4233 367 4293 sicunde
389 4231 581 4291 nominatus?
610 4240 639 4290 et
661 4250 714 4289 cur
735 4249 795 4289 non
815 4230 914 4307 potius
936 4229 1076 4288 scribitur
1097 4229 1182 4287 Sulla
1203 4233 1325 4290 31333111
1352 4235 1442 4293 modo

104 4356 144 4396 ne
170 4355 240 4394 curn
260 4334 398 4392 Prellero
421 4332 525 4408 (Myra
546 4352 575 4409 p.
593 4331 666 4408 530)
690 4330 808 4391 Cottam
832 4328 984 4390 Sullamve
1005 4330 1104 4389 lorum
1125 4330 1276 4406 lapidibus
1299 4335 1443 4395 stravisse

105 4447 212 4516 putes,
234 4455 272 4494 ue
293 4435 378 4511 ignes
401 4433 503 4494 Statue
529 4434 647 4492 accensi
672 4433 822 4508 lapidibus
842 4438 991 4490 nocerent.
1036 4431 1119 4490 vides
1140 4431 1227 4489 illum
1249 4433 1443 4511 quiscumque

103 4540 168 4599 fuit
200 4536 344 4596 stravisse
376 4536 432 4594 hoc
461 4542 508 4596 331
540 4535 715 4610 deposuisse
748 4541 887 4603 statuam,
919 4541 953 4591 ut
984 4533 1105 4591 arbores
1138 4532 1257 4607 aliaque
1289 4533 1320 4590 id
1347 4553 1442 4610 genus

105 4639 206 4700 sterni
228 4637 375 4710 dicuntur,
401 4655 460 4712 quo
482 4637 562 4694 facto
583 4635 704 4694 vicatim
726 4635 783 4692 dea
802 4635 856 4692 illa
878 4633 936 4692 coli
958 4643 1064 4710 coepta
1085 4639 1139 4692 est.
1183 4640 1287 4690 notum
1308 4643 1355 4692 est
1376 4615 1456 4694 eam*

104 4739 287 4816 religionem
313 4739 351 4796 ab
380 4739 520 4816 Augusto
545 4737 725 4813 imperatore
751 4735 949 4792 instauratam
976 4753 1051 4793 esse.
1095 4740 1224 4793 ceterum
1245 4733 1344 4793 forum
1366 4738 1442 4814 lapi-

106 4842 202 4900 dibus
226 4845 353 4899 atratum
374 4839 470 4898 fnisse
489 4847 558 4898 ante
579 4858 605 4896 a.
629 4837 700 4909 458,
728 4854 787 4912 quo
808 4837 874 4894 viae
895 4835 1033 4910 publicae
1058 4835 1090 4893 in
1111 4835 1185 4892 urbe
1206 4835 1300 4894 sterni
1320 4846 1444 4914 coeptae

106 4949 195 5014 sunt,
216 4937 451 5000 consentaneum
473 4947 527 5000 est.
566 4945 685 4998 'remoto
706 4938 797 5014 igitur
818 4935 915 4994 ascri
937 4954 1007 4996 area
1029 4936 1190 4995 simulacro
1211 4936 1283 4994 deae
1304 4939 1445 5015 populari

106 5043 262 5120 religione
284 5050 314 5100 et
335 5060 417 5100 more
439 5060 485 5114 3ο,
507 5041 559 5116 qui
580 5059 660 5100 nunc
681 5057 800 5116 quoque
821 5056 875 5113 per
896 5037 1027 5094 aestivos
1048 5057 1166 5099 menses
1184 5040 1300 5100 Romae
1321 5040 1444 5114 obtinet,

106 5143 223 5216 cultae,
244 5144 275 5201 in
298 5143 366 5219 ipso
388 5143 507 5200 comitio
531 5150 582 5200 ant
602 5141 715 5200 mansit
735 5148 787 5199 aut
806 5139 1004 5198 instauratum
1026 5145 1072 5198 est
1091 5141 1210 5218 coniugi
1231 5144 1296 5201 eius
1317 5159 1443 5200 sacrum.

107 5244 176 5304 sed*
191 5245 275 5304 nullo
297 5263 363 5304 cum
386 5243 515 5305 Volcani
540 5243 685 5320 religione
711 5241 829 5301 vinculo
851 5237 971 5313 Quirini
996 5239 1028 5298 in
1053 5241 1130 5301 colle
1159 5261 1278 5302 sacrum
1299 5259 1445 5300 conexum

1183 5341 1240 5400 17*
