3568 6070
240 587 311 660 138
807 593 988 648 normann

235 775 443 852 coniugiumue
464 771 524 829 nisi
544 769 583 828 ad
603 766 827 826 excusationem
849 763 1048 826 necessariam
1069 762 1166 840 mapa
1185 780 1275 839 quam
1289 764 1450 840 optabilem
1465 763 1558 839 scrip

235 885 331 937 torem
353 873 432 933 tituli
446 870 597 933 casinatis
618 887 706 928 usum
719 867 872 944 sumerem
892 872 1026 926 secutum
1046 864 1215 941 delegatum
1235 864 1402 942 principum
1419 865 1559 942 posuisse

235 977 376 1038 absolute
396 993 451 1052 pro
471 969 629 1049 principali
639 953 731 1046 ¹).-ss
752 967 801 1026 De
821 967 890 1043 ipso
910 966 1011 1025 officio
1032 985 1099 1026 cum
1120 965 1247 1024 dixerim
1269 965 1301 1023 in
1321 965 1558 1024 memoriis-inst.

235 1080 317 1139 arch.
337 1077 367 1150 2,
383 1076 457 1148 313,
479 1090 576 1150 pauca
596 1072 693 1129 babeo
714 1087 791 1145 quae
812 1066 929 1126 addam.
971 1066 1008 1124 I'u
1028 1065 1124 1126 titulis
1146 1063 1337 1126 Diocletiano
1359 1066 1558 1125 anterioribus

132 1225 134 1236 .
236 1187 391 1256 praeterea
410 1175 507 1234 adhuc
526 1171 606 1249 quod
620 1170 712 1230 sciam
729 1169 777 1230 bis
791 1175 906 1228 tautum
919 1173 1070 1244 repertum
1085 1175 1141 1238 est,
1161 1181 1268 1244 nempe
1281 1167 1313 1225 iu
1326 1166 1415 1225 titulo
1430 1165 1466 1232 1..
1482 1165 1560 1226 Cae·

236 1280 317 1340 sonii
332 1277 427 1337 Macri
440 1272 593 1333 Rufiniani
612 1270 723 1348 (Orell.
739 1267 844 1345 3042),
863 1267 915 1344 qui
929 1268 1094 1345 imperante
1109 1266 1266 1327 Gordiano
1278 1267 1328 1326 III
1342 1267 1445 1328 electae
1459 1276 1506 1327 est
1520 1270 1561 1326 ad

237 1379 443 1456 capnoscendae
453 1379 513 1436 aiae
523 1374 657 1434 Caesaris
669 1373 849 1446 capnitiones,
860 1368 1037 1446 duobusque
1047 1367 1168 1427 Balbini
1177 1368 1304 1427 Maximi
1315 1369 1450 1428 consulis
1461 1387 1489 1426 a.
1498 1366 1559 1426 232

237 1487 291 1540 aut
305 1479 364 1538 233
380 1485 432 1538 aut
446 1476 506 1536 253
528 1473 571 1550 (v.
593 1491 623 1549 p.
640 1470 723 1546 132),
744 1470 796 1547 qui
815 1469 922 1530 dicitur
935 1486 1104 1546 capnosesns
1119 1470 1160 1528 ad
1173 1486 1274 1529 sanas
1289 1469 1506 1544 appellationes,
1527 1478 1562 1528 ut

238 1581 287 1640 bic
307 1597 436 1656 quoque,
457 1576 569 1655 pariter
582 1581 671 1649 atque
686 1571 717 1630 in
730 1570 889 1630 consulatu
904 1569 1065 1642 ordinario,
1086 1569 1109 1628 ii
1122 1568 1160 1629 de
1173 1570 1281 1646 quibus
1296 1570 1411 1646 egimus
1425 1570 1561 1628 ordinem

238 1682 349 1742 ducant
362 1689 392 1738 et
404 1678 536 1754 reliquos
551 1683 683 1750 tempore
697 1671 884 1749 praecedant.
910 1668 1120 1748 cognitionem
1134 1688 1201 1729 eam
1213 1669 1257 1730 ita
1266 1669 1335 1729 'dari
1345 1671 1468 1730 solitum
1483 1689 1561 1744 esse,

238 1789 273 1840 ut
293 1781 332 1840 ad
353 1789 463 1840 certam
484 1775 635 1835 dioecesin
654 1772 894 1850 restringeretur,
915 1771 973 1830 etsi
992 1753 1025 1830 hi
1038 1753 1115 1846 nuos
1128 1771 1218 1847 posui
1231 1771 1309 1830 tituli
1321 1789 1382 1830 non
1396 1772 1562 1844 enuntiant,

238 1889 319 1942 certe
339 1880 395 1940 sub
408 1877 597 1938 Diocletiano
617 1873 768 1933 invenitur
783 1872 889 1931 Aelius
904 1870 1081 1948 Dionysius,
1102 1871 1129 1930 is
1149 1871 1202 1948 qui
1221 1880 1329 1948 postea
1349 1889 1376 1930 a
1392 1871 1451 1930 301
1475 1891 1562 1948 prae·

235 1984 331 2044 iectus
353 1979 438 2038 urbis
459 1978 557 2036 iactus
578 1983 634 2047 est,
656 1975 740 2033 iudea
753 1991 901 2032 samaram
916 1973 1104 2048 capnitionnm
1117 1973 1203 2032 toties
1223 1971 1346 2032 Orientis
1367 1971 1477 2048 (Orell.
1493 1972 1562 2048 60),

237 2082 404 2162 poteritque
418 2079 494 2138 adeo
509 2074 729 2154 quodammodo
743 2071 910 2149 comparari
923 2072 1004 2148 quod
1019 2071 1061 2130 ait
1075 2070 1234 2133 Suetonius
1255 2071 1346 2150 (Aug.
1363 2073 1417 2150 33)
1439 2073 1562 2150 Augus·

238 2191 302 2242 tum
316 2179 477 2258 quotannis
492 2176 709 2255 appellationes
724 2172 953 2252 provincialium
964 2171 1147 2256 litigatorum
1158 2172 1344 2250 delegavisse
1355 2173 1562 2234 connutritus

237 2283 322 2357 viris,
343 2299 414 2359 pnes
434 2279 563 2355 s'inpalos
583 2279 717 2352 ruinaque
734 2276 902 2356 procinctae
922 2277 1042 2350 nepotie‘s
1058 2276 1284 2351 praeposuisset.
1312 2272 1469 2352 ¹(interum
1490 2293 1561 2352 cog·

237 2384 366 2443 ultiones
388 2379 662 2458 appellationesque
683 2373 884 2435 Caesarianae
904 2374 1054 2451 quomodo
1075 2381 1145 2434 ante
1164 2374 1389 2434 Diocletianum
1410 2375 1563 2435 exercitae

239 2487 313 2556 siut,
339 2482 438 2542 adhuc
463 2499 569 2557 perum
594 2483 698 2536 notum
719 2483 782 2548 est,
811 2493 866 2536 nec
885 2474 923 2534 de
944 2475 1122 2552 quaestione
1142 2494 1180 2536 ca
1199 2475 1332 2546 omnium
1352 2476 1484 2536 maxime
1504 2476 1563 2536 im·

238 2586 347 2664 plicatu
366 2581 509 2644 hocloco
530 2577 740 2656 disputabitur.
1431 2581 1433 2586 ·

395 2665 454 2754 18.
505 2677 717 2753 Praefectus
743 2675 1012 2750 alimentorum.

310 2802 399 2863 -vine
420 2819 497 2878 quae
518 2800 598 2858 dicta
619 2807 690 2857 sunt
709 2815 739 2872 p.
753 2797 810 2855 133
818 2814 863 2872 sq.
900 2795 983 2856 Fieri
1000 2803 1113 2874 potest,
1131 2805 1165 2855 ut
1178 2815 1215 2857 ea
1227 2797 1416 2874 praefectura
1430 2795 1561 2859 Sabinus

237 2907 359 2966 functus
381 2903 422 2962 sit
442 2899 533 2960 simul
553 2906 642 2974 atque
662 2915 785 2956 munere
805 2897 981 2956 correctoris
1002 2897 1119 2957 Italiae.

364 3049 367 3055 -
394 3003 452 3073 19..
504 2996 653 3072 Electus
679 2996 727 3070 ad
753 2994 1010 3094 corrigendum
1036 3006 1174 3072 statum
1199 2995 1337 3071 Italiae.

322 3101 464 3183 Officium
478 3105 565 3179 electi
578 3117 618 3176 ad
631 3112 836 3196 corrigendum
852 3124 960 3177 statum
971 3117 1079 3177 Italiae
1092 3118 1200 3178 iisdem
1211 3119 1310 3178 verbis
1325 3127 1478 3196 praeterea
1489 3138 1560 3179 nus·

238 3236 332 3302 quam·
348 3221 542 3292 enuntiatum,
562 3225 721 3296 eapropter
740 3217 901 3294 diligenter
921 3219 1170 3278 considerandum
1189 3227 1246 3292 est,
1267 3220 1347 3296 quod
1361 3239 1401 3279 ex
1415 3220 1471 3280 boc
1484 3228 1562 3280 tam·

238 3345 327 3405 quam
348 3321 480 3402 'germine
495 3320 580 3397 veuuti
601 3326 671 3379 sunt
684 3326 868 3378 correctores
883 3319 991 3378 aetatis
1005 3320 1180 3397 posterioris
1189 3318 1219 3396 ²)
1241 3339 1339 3397 neque
1352 3321 1416 3380 eius
1430 3321 1562 3387 instituti

238 3428 303 3487 ulla
323 3424 465 3485 memoria
485 3430 569 3483 exmt
588 3421 636 3479 his
658 3420 753 3480 titulis
774 3419 934 3497 antiquior.
969 3419 1049 3480 Nam
1070 3422 1188 3498 legatus
1203 3421 1334 3501 Augusti
1353 3441 1409 3499 pro
1423 3431 1562 3500 praetore
1581 3417 1585 3426 ’

237 3528 371 3604 regionis
382 3521 617 3600 Transpadanae
631 3521 738 3580 aetatis
751 3520 902 3579 Traianae
916 3519 1025 3595 (Orcll.
1038 3519 1150 3598 2273),Ι
1159 3541 1247 3598 quem
1260 3541 1328 3582 cum
1341 3525 1561 3589 correctoribus

152 3639 155 3644 '
237 3629 343 3688 Italiae
364 3611 533 3704 composuit
553 3622 738 3700 Borghesius
760 3620 845 3699 (opp.
862 3623 890 3694 5,
905 3621 991 3696 408),
1015 3619 1106 3681 hodie
1126 3633 1286 3700 postquam
1306 3624 1435 3683 innotuit
1455 3625 1560 3684 titulus

173 3751 175 3760 ·
237 3728 385 3790 Cirtensis
413 3725 451 3784 Τ.
480 3722 637 3784 Caesernii
663 3721 803 3795 Macrini,
836 3724 887 3799 qui
919 3724 1097 3783 tribunicius
1128 3727 1231 3784 misses
1259 3731 1306 3784 est
1334 3727 1376 3784 ed
1400 3725 1561 3801 dilsc[ta]m

236 3832 382 3891 iuniorum,
399 3844 419 3883 a
440 3827 505 3884 dico
522 3823 679 3884 Hadriano
696 3826 728 3881 in
745 3827 885 3899 repionern
899 3823 1189 3900 Transpadanami),
1210 3825 1395 3902 probabilius
1413 3827 1560 3885 referetur

236 3930 314 3987 inter
333 3927 449 4003 legatos
470 3922 710 4000 dilectatoresi).
752 3922 898 3983 Videntur
918 3931 1031 3997 autem,
1057 3932 1091 3983 ut
1110 3925 1141 3983 in
1161 3925 1331 4002 provincias
1353 3927 1519 3986 senatorias
1539 3947 1561 3985 a

166 4063 169 4068 ·
237 4026 362 4087 Traiani
381 4011 452 4086 inde
477 4031 575 4084 aetate
600 4025 719 4102 praeter
743 4024 939 4102 proconsules
960 4023 1153 4110 mittebantur
1172 4026 1298 4086 subinde
1318 4026 1410 4104 legati
1429 4027 1560 4104 impera·

406 4203 410 4210 *
438 4217 440 4222 ι

313 4301 337 4364 ¹)
365 4299 407 4353 Gi.
426 4300 505 4350 verba
522 4299 599 4351 edicti
617 4300 739 4365 praetorii
756 4300 817 4366 Dig.
830 4301 875 4363 44,
890 4302 915 4363 8,
930 4303 946 4351 2
959 4315 1010 4366 pra
1028 4305 1204 4368 praeterquam
1223 4288 1290 4369 qood
1308 4302 1361 4370 ispe
1379 4309 1481 4370 mantne
1497 4318 1557 4354 eon-

218 4394 301 4452 'salto
319 4391 400 4444 edicto
419 4389 547 4441 decretave
559 4390 703 4457 princepum
721 4389 769 4440 rite·
785 4407 925 4442 concessura
942 4398 987 4442 est.

270 4511 273 4515 ·
312 4480 337 4546 ²)
364 4483 433 4535 Vide
456 4495 521 4548 quse
544 4481 577 4532 de
595 4468 781 4532 correctoribus
799 4482 911 4534 brimus
928 4483 1085 4548 Borghesius
1103 4484 1131 4534 in
1149 4498 1209 4534 anu.
1228 4484 1288 4534 inst.
1309 4483 1380 4534 1858
1399 4499 1424 4548 p.
1440 4486 1558 4550 221seq.

238 4593 271 4618 =
285 4589 346 4640 opp.
360 4575 385 4636 5,
399 4573 454 4624 415
473 4579 500 4622 et
511 4587 564 4638 ego
582 4570 644 4622 rins.
663 4570 820 4624 Feldmssser
838 4575 863 4636 2,
879 4574 940 4626 196.
956 4575 1016 4625 198.

312 4661 337 4726 ⁸)
363 4664 459 4716 Renier
470 4661 595 4730 me'lnnpes
605 4680 631 4729 p.
643 4663 692 4728 '15;
710 4665 787 4715 inser.
799 4664 861 4729 Alg.
879 4680 907 4715 n.
920 4666 1000 4716 1817.
1032 4661 1145 4716 Cincin.
1158 4661 1352 4726 resumunt,
1366 4665 1426 4714 191.
1455 4665 1557 4716 Eodem

235 4737 345 4806 tonnae
367 4754 515 4806 referendus
534 4761 573 4805 est
590 4755 678 4806 titulus
696 4754 844 4820 Campanus
861 4755 883 4805 1.
896 4755 931 4806 N.
945 4755 1016 4806 3604
1035 4756 1065 4806 L.
1084 4755 1169 4805 Fulvii
1186 4755 1340 4820 Aemilianis
1364 4754 1441 4806 electo
1460 4741 1495 4805 ab
1511 4772 1556 4822 op-

237 4842 307 4908 [tt'mo
331 4844 389 4912 imp.
413 4841 516 4908 Severo]
541 4843 688 4896 Alexandro
713 4843 749 4895 ad
772 4843 899 4908 [dilectum
923 4843 1072 4918 babendum]
1093 4861 1141 4913 per
1162 4845 1287 4912 repionem
1308 4835 1557 4916 Tra[nspudanum];

236 4935 281 4986 ubl
304 4934 374 5000 quod
397 4933 458 4983 olim
482 4935 604 5000 proposui
629 4933 665 4986 ad
688 4933 740 4998 [ias
757 4934 897 5000 dicendam]
916 4937 976 4986 ideo
994 4937 1078 4988 minus
1095 4936 1229 5002 probabile
1247 4943 1298 5000 eet,
1323 4937 1391 5002 quod
1410 4937 1558 4992 Alexandri
1589 4945 1594 4954 ·
1618 4949 1621 4956 ’

236 5030 320 5076 aetate
341 5023 443 5075 iuridici
465 5026 603 5090 appellatio
625 5033 727 5092 recepta
749 5027 802 5078 iam
819 5027 869 5078 fuit
886 5033 912 5078 et
929 5028 1069 5078 sollemnis.
1104 5027 1179 5080 Alibi
1197 5033 1236 5079 est
1258 5025 1349 5080 eiectas
1366 5023 1460 5081 indicio
1480 5043 1557 5104 samo

236 5115 272 5166 ad
289 5113 398 5179 [censes]
417 5113 583 5182 acceptandus
598 5131 645 5183 per
657 5117 818 5184 procinctam
835 5115 967 5186 Belpe'cam
984 5117 1101 5180 (Hensen
1120 5117 1210 5181 6512).

312 5203 337 5267 ⁴)
366 5205 407 5258 Gi.
425 5205 521 5259 Rsnier
537 5203 662 5276 nrilcapes
679 5223 705 5275 p.
719 5209 815 5276 ldseq.
