3620 6080
371 561 444 633 236
858 591 861 598 -
962 567 1107 623 666666

372 749 456 808 sedis
482 753 613 808 mutatus
640 747 679 804 sit
704 744 822 804 natalis.
866 749 896 802 et
920 743 979 802 iam
1003 743 1159 802 veniamus
1185 740 1225 798 ad
1247 739 1385 815 exempla
1407 739 1544 814 ambigua
1565 770 1600 782 -
1620 758 1678 797 nam

372 859 454 910 certa
474 867 535 907 uon
556 855 661 906 extant
681 845 853 904 mutationis
874 845 1011 903 illius-
1033 861 1113 918 quae
1134 841 1295 900 admodum
1315 857 1411 916 pauca
1432 847 1510 897 sunt.
1545 825 1581 896 ab
1600 839 1680 899 altera

371 959 457 1028 parte
487 949 579 1026 igitur
610 945 795 1024 Capitolium
826 953 931 1022 quater
963 944 1129 1018 dedicatum
1166 962 1193 1001 a.
1220 963 1249 1000 u.
1279 939 1349 999 241.
1378 939 1438 998 685
1471 959 1500 1016 p.
1524 937 1557 998 Ο.
1579 940 1623 998 76.
1647 941 1679 998 82

375 1050 503 1110 natalem
526 1047 762 1124 666666611616
784 1045 865 1122 Sept.
885 1047 920 1104 13
944 1055 1077 1105 mutasse
1099 1051 1259 1118 antequam
1280 1040 1486 1118 hemerologla
1507 1041 1682 1100 scriberentur

373 1150 477 1227 negari
498 1156 607 1224 potest,
629 1157 700 1224 post
713 1147 844 1225 Augusti
866 1149 992 1210 aetatem
1014 1153 1155 1204 mutasse·
1169 1151 1249 1202 certe
1269 1143 1364 1201 nullo=
1376 1143 1552 1200 documento
1569 1142 1681 1218 probari.

373 1251 453 1310 idem
475 1250 555 1308 valet
575 1249 612 1306 de
633 1248 707 1306 aede
729 1247 865 1307 Castoris
887 1247 1046 1322 quinquies
1069 1245 1206 1304 dedicata
1227 1263 1254 1302 6.
1273 1243 1344 1302 270.
1369 1243 1429 1301 637
1446 1241 1496 1317 -(v.
1517 1243 1613 1318 supra)
1634 1243 1682 1302 766

376 1351 409 1425 (a
430 1350 563 1421 Tiberio,
588 1368 638 1408 ouo
658 1351 822 1424 fratrisque
846 1352 955 1406 nomiae
975 1348 1011 1404 da
1030 1347 1182 1416 66666116,
1209 1352 1286 1404 66666
1307 1342 1390 1404 Suet.
1415 1344 1485 1402 Tib.
1508 1341 1556 1416 20,
1583 1343 1683 1402 sedin·

377 1451 534 1526 scripsisse
566 1449 633 1508 aedi
665 1449 709 1508 Ti.
736 1449 845 1506 lulium
879 1447 1073 1508 Claudianum
1103 1453 1206 1504 narrat
1235 1444 1298 1504 Dio
1326 1445 1376 1517 55,
1405 1444 1443 1502 27
1477 1445 1515 1502 cf.
1539 1445 1683 1502 Mommsen

377 1550 413 1610 Ο.
436 1551 460 1609 I.
482 1549 518 1608 L.
542 1547 571 1623 2,
596 1549 700 1625 1660),
728 1549 836 1608 661666
857 1567 876 1605 6
898 1546 1023 1607 Claudio
1045 1546 1121 1622 (Dio
1145 1547 1194 1620 60,
1218 1546 1250 1622 6)
1273 1555 1303 1604 66
1324 1565 1343 1603 6
1364 1545 1540 1606 Domitiano
1561 1545 1599 1619 (6.
1619 1551 1683 1602 cata·

366 1652 464 1734 logus
492 1667 617 1728 operum
642 1649 731 1726 eius).
774 1649 942 1708 dedicatam
969 1650 1047 1707 hanc
1075 1666 1143 1728 6666
1165 1667 1192 1706 a.
1215 1647 1276 1705 270
1304 1646 1433 1706 616161.
1459 1644 1496 1704 12
1517 1645 1614 1704 Livius
1633 1646 1683 1721 qui-

377 1753 445 1810 dem
469 1749 497 1823 2,
521 1751 562 1809 40
583 1759 686 1809 auctor
707 1759 762 1822 666,
789 1749 948 1809 6666616
969 1757 1073 1825 aperto
1095 1750 1135 1808 sit
1154 1748 1339 1826 Regillensis
1364 1764 1484 1824 pugnae
1509 1727 1683 1805 6166666666

376 1852 509 1912 natalem
536 1851 619 1910 aedis
645 1852 760 1911 fecisso.
803 1851 903 1926 itaque
929 1868 1017 1926 quem
1043 1850 1173 1909 natalem
1197 1851 1228 1910 in
1249 1849 1399 1909 Verriano
1421 1847 1592 1906 kalendario
1610 1847 1683 1904 habe·

379 1970 446 2011 mus
461 1953 526 2010 Ian.
544 1951 592 2024 27,
615 1972 682 2012 eum
705 1953 744 2010 ad
758 1960 876 2032 tempus
891 1952 1052 2010 finiendum
1074 1969 1134 2026 quo
1153 1950 1230 2010 illud
1252 1950 1395 2024 scriptum
1420 1950 1469 2021 sit,
1492 1949 1606 2006 omniuo
1624 1947 1683 2006 nihil

377 2053 514 2111 conferre
545 2061 670 2128 apparet
701 2063 731 2112 et
761 2053 925 2111 notandum
961 2059 1008 2111 est
1042 2053 1119 2110 hano
1154 2050 1258 2109 aedem
1289 2067 1395 2109 rursus
1429 2049 1541 2108 eisdem
1569 2049 1684 2124 vestigiis

378 2153 522 2211 refectam
545 2171 622 2212 6666.
664 2153 696 2211 16
717 2154 798 2230 6666
819 2161 904 2212 66666
924 2153 1118 2212 fundamenta
1137 2171 1215 2210 nunc
1235 2151 1393 2210 manifesto
1417 2149 1584 2210 docuerunt.
1621 2150 1684 2208 idem

376 2271 438 2311 non
470 2254 572 2312 661666
603 2255 771 2330 putaverim
801 2255 839 2314 de
871 2255 945 2312 aede
973 2252 1160 2312 Concordiae
1186 2254 1359 2330 Augustae:
1393 2254 1481 2310 cuius
1513 2251 1684 2310 dedicationis

377 2354 406 2412 d.
427 2355 491 2413 Ian.
510 2354 547 2412 16
570 2375 596 2414 a.
613 2356 672 2414 673
694 2355 792 2414 factae
814 2355 994 2414 mentionem
1016 2372 1083 2412 cum
1104 2352 1355 2412 16Ρ6666666166
1376 2353 1579 2430 hemerologio
1597 2359 1685 2427 postea

378 2453 511 2514 additam
532 2473 600 2514 esse
621 2457 826 2516 Mommsenus
848 2463 973 2542 testetur
994 2454 1031 2512 de
1053 2455 1123 2512 visu·
1140 2472 1170 2528 p.
1193 2453 1265 2526 295,
1285 2455 1373 2514 hanc.
1385 2455 1493 2512 aedem
1513 2454 1549 2512 ab
1569 2452 1685 2528 Augusto

379 2564 515 2631 coeptam
543 2575 598 2615 nec
626 2558 788 2634 perfectam
814 2558 936 2615 omnino
962 2573 1080 2627 novam,
1110 2555 1166 2612 hoc
1188 2562 1233 2613 est
1259 2555 1318 2612 6116
1341 2571 1401 2630 666
1425 2563 1513 2614 66666
1531 2555 1615 2613 fuerit
1631 2553 1684 2610 loco

377 2657 488 2715 factam
509 2674 586 2730 esse,
609 2658 647 2715 ob
669 2676 794 2733 eamque
815 2675 938 2724 6666666
960 2675 1069 2714 novam
1090 2656 1221 2714 natalem
1243 2655 1396 2730 accepisse
1419 2662 1452 2713 ut
1470 2673 1576 2714 novum
1596 2667 1685 2713 66666

380 2756 449 2833 (pro
471 2775 550 2814 novo
572 2766 619 2816 666
641 2758 719 2816 enim
740 2761 899 2834 Augustae
921 2775 1086 2833 cognomen
1107 2755 1268 2831 adiectum)
1297 2757 1449 2814 existimo.
1494 2755 1546 2816 sed
1569 2755 1685 2830 ambigua

380 2875 458 2932 quae
490 2857 554 2915 dixi
581 2859 721 2934 exempla
747 2876 884 2934 quaeque
912 2859 955 2915 ita
985 2876 1055 2915 6666
1081 2855 1142 2916 6161
1166 2858 1287 2932 possint
1311 2875 1372 2914 non
1401 2851 1474 2915 novi
1500 2865 1685 2932 praeteream

312 2947 314 2954 ⁴
380 2955 494 3028 aedem,
521 2957 559 3014 ob
586 2976 676 3033 quam
697 2959 772 3016 haec
794 2959 890 3016 666616
917 2957 1078 3034 6166666616
1105 2964 1151 3016 666
1171 2958 1317 3030 166616666,
1347 2955 1479 3030 Quirini,
1507 2966 1536 3015 et
1555 2957 1685 3016 Minervae

379 3057 411 3113 in
433 3057 595 3115 Aventino.
638 3065 762 3134 putatur
788 3068 914 3134 utraque
940 3057 1019 3116 binis
1041 3058 1189 3116 natalibus
1211 3059 1266 3130 uti,
1291 3067 1419 3133 utraque
1447 3065 1542 3116 utrum
1562 3059 1592 3114 in
1610 3074 1685 3114 6666-

380 3175 447 3214 6666
475 3157 603 3231 aedium,
636 3159 733 3235 qualis
762 3151 931 3219 Concordia
952 3160 1091 3234 Augusta
1116 3158 1182 3230 fuit,
1215 3177 1339 3216 numero
1366 3160 1506 3218 habenda
1534 3158 1580 3231 sit,
1605 3177 1638 3215 an
1659 3138 1685 3212 in

380 3250 567 3330 6616666666,
599 3259 670 3318 11666
696 3260 733 3318 66
754 3249 820 3319 6616
841 3261 1029 3334 refectorum,
1057 3259 1222 3318 dubitatur:
1255 3267 1383 3332 constat,
1411 3261 1438 3318 si
1466 3277 1562 3318 novae
1586 3257 1686 3342 1666166,

379 3358 475 3417 factas
502 3377 569 3418 6666
594 3361 626 3418 16
652 3361 764 3420 6161616
790 3381 893 3420 eorum
918 3361 1061 3432 locorum,
1089 3361 1198 3436 quibus
1223 3360 1386 3419 eorundem
1418 3360 1572 3419 numinum
1594 3357 1686 3434 templa

380 3459 453 3518 olim
481 3461 642 3520 extiterint.
687 3462 801 3520 dixeris
828 3481 891 3520 rem
919 3461 1050 3520 decisam
1078 3477 1145 3519 esse
1171 3477 1207 3520 eo
1233 3461 1314 3536 quod
1340 3461 1406 3538 ipsc
1426 3463 1582 3540 Angustus
1606 3461 1633 3518 16
1650 3459 1685 3515 in·

380 3561 490 3620 dicer.
511 3581 540 3640 g.
563 3564 593 3634 4,
615 3562 633 3622 5
657 3580 697 3622 66.
719 3569 848 3621 66666666
871 3563 909 3622 616
930 3563 1017 3620 haec:
1041 3562 1175 3620 6666616
1201 3561 1341 3637 Capitolio
1363 3563 1441 3622 Iouis
1457 3565 1562 3636 feretri
1581 3560 1685 3618 6616616

381 3666 516 3732 tonantis,
549 3664 671 3721 666666
705 3661 869 3734 Quirini,
903 3665 987 3722 aedes
1019 3662 1203 3721 Mineruae
1235 3671 1260 3720 et
1287 3663 1407 3722 Iunonia
1433 3668 1549 3740 6666666
1574 3671 1598 3720 et
1622 3659 1685 3716 louis

382 3761 520 3820 libertatis
542 3766 571 3820 iu
593 3761 745 3835 Auentino,
770 3765 867 3822 aedem
887 3763 1000 3821 Larum
1021 3767 1052 3820 iu
1073 3781 1182 3821 summa
1203 3781 1291 3822 saera
1310 3767 1369 3836 oia,
1396 3765 1494 3823 aedera
1514 3765 1592 3823 daura
1609 3761 1684 3818 Paua-

381 3864 450 3919 tium
476 3865 507 3918 iu
531 3861 628 3934 Velia,
661 3865 758 3922 aedem
784 3865 954 3934 luventatis,
987 3866 1084 3922 aedem
1111 3864 1219 3922 Ma‘tris
1246 3882 1368 3940 maguae
1386 3866 1449 3939 saci
1468 3907 1476 3924 .
1495 3905 1504 3922 .
1524 3905 1532 3922 .
1553 3863 1685 3939 (secuntur

380 3961 507 4038 profana
522 3963 672 4040 aedificia)
695 3965 794 4037 4,17:
818 3967 874 4023 6166
897 3975 922 4024 et
943 3969 1084 4040 octoginta
1105 3945 1211 4040 templa
1231 3966 1314 4022 deum
1334 3968 1365 4023 iu
1384 3965 1453 4024 urbe
1474 3962 1685 4037 6666166666

381 4080 415 4120 aa
435 4063 556 4138 6666666]
585 4059 706 4124 cuatus
727 4067 812 4141 refeci
827 4066 917 4138 Ι66116
941 4068 1145 4140 praetermissa
1173 4067 1252 4140 quod
1277 4065 1333 4141 [aa]
1360 4066 1495 4141 temp[are
1519 4066 1594 4142 refici
1616 4079 1684 4138 opar-

381 4163 475 4238 teret],
497 4181 565 4222 esse
585 4165 676 4240 igitur
696 4167 774 4224 inter
794 4183 889 4224 novas
909 4163 1028 4238 Quirini
1050 4174 1080 4223 et
1100 4165 1254 4224 Minervae
1276 4165 1374 4239 66666,
1397 4185 1523 4243 quorum
1542 4167 1593 4224 illa
1612 4163 1683 4222 etiam

381 4261 412 4319 ἐκ
438 4266 536 4336 uacuis
563 4265 645 4324 facta
670 4285 689 4324 a
713 4248 814 4324 Dione
847 4267 1023 4342 appelletur,
1056 4284 1117 4341 qua
1147 4267 1277 4324 formula
1308 4266 1473 4326 Merkelius
1505 4261 1684 4326 observaverit

351 4362 475 4448 Γ166666
510 4385 529 4424 6
563 4368 683 4426 66166616
717 4375 890 4427 constanter
926 4367 1079 4444 distingui.
1136 4366 1330 4425 nihilominus
1365 4386 1472 4444 graves
1509 4365 1684 4426 dubitationes

380 4467 517 4525 oriuntur
538 4487 576 4526 an
590 4468 719 4532 faciendi
738 4469 792 4526 ille
813 4468 959 4529 vocabulo
980 4467 1023 4525 ita
1044 4485 1118 4528 usus
1141 4467 1188 4538 sit,
1210 4475 1244 4525 ut
1264 4469 1435 4526 necessario
1457 4468 1636 4545 cogitandum
1653 4461 1683 4520 sit

381 4567 418 4625 de
446 4569 571 4629 aedibus
597 4588 659 4628 non
685 4569 798 4629 eisdem
823 4569 932 4645 quibus
958 4575 1096 4627 vetustae
1121 4568 1257 4644 vestigiis
1282 4568 1442 4645 impositis.
1483 4589 1551 4628 nam
1572 4565 1683 4628 611666

381 4685 453 4724 6666
472 4668 551 4742 16616,
579 4671 750 4730 necessario
772 4688 808 4730 eo
831 4669 997 4727 delabimur
1018 4677 1052 4728 ut
1072 4675 1191 4746 praeter
1210 4669 1291 4728 16616
1312 4671 1444 4729 tonantis
1470 4670 1569 4730 aedem
1589 4672 1682 4727 ceteras

381 4783 485 4823 666666
507 4771 651 4842 gemellas
674 4763 823 4841 ὁμωνύμων
838 4770 1017 4846 templorum
1039 4757 1308 4842 essestatuamus,
1330 4789 1407 4847 quae
1426 4773 1459 4830 in
1480 4771 1586 4830 eisdem
1604 4763 1683 4842 regio·

380 4864 471 4922 nibus
507 4875 561 4924 aut
595 4870 661 4930 sine
679 4855 824 4950 'vestigio
859 4871 1028 4930 interierint
1059 4878 1112 4928 aut
1142 4869 1228 4929 iuxta
1258 4888 1353 4929 66666
1386 4872 1513 4932 reiectae
1543 4865 1682 4929 manserint

312 4955 345 5063 t'
381 4964 555 5040 lateantque
579 4967 664 5028 inter.
682 4973 810 5031 refectas
835 4971 1007 5044 LXXXII,
1037 4989 1165 5059 quorum
1192 4971 1371 5032 laterculum
1399 4973 1512 5031 utinam
1537 4966 1682 5029 adscribere

382 5063 522 5139 dignatus
545 5071 638 5126 666661
670 5091 739 5131 nam
762 5073 788 5132 si
809 5066 915 5144 Liuius
938 5073 1074 5132 oculatus
1095 5071 1181 5130 testis
1203 5074 1233 5145 4,
1256 5071 1398 5133 2016616
1419 5063 1680 5134 feretriiaedemin

381 5161 535 5246 *Capitolio
555 5177 689 5232 uetustate
711 5175 855 5252 dilapsam
869 5176 1037 5254 Augustum
1051 5181 1153 5233 narrat
1174 5171 1258 5250 (ente
1272 5193 1299 5233 a.
1316 5174 1390 5252 729)
1412 5179 1547 5254 refecisse,
1568 5177 1595 5229 et
1611 5162 1680 5226 testis
