3654 6072
577 590 876 646 oasanvsrroaae
893 591 1014 645 aaron.
1032 593 1086 644 111.
1448 575 1493 646 tt

163 760 308 837 exempla
335 760 575 822 Gutensteniana
606 765 828 838 comparatione
858 764 995 824 instituta
1023 764 1089 824 visa
1116 773 1186 824 suut
1212 765 1333 826 omnino
1363 765 1497 843 proiecta

163 880 235 922 esse
262 863 328 922 sive
354 883 393 922 ex
415 865 619 926 Mazocbianis
644 865 732 924 editis
760 866 824 924 sire
845 883 884 926 ex
906 866 1147 926 adnotationibus
1168 866 1289 928 Metelli.
1333 865 1413 926 Nam
1435 866 1496 927 due

164 981 271 1022 eornm
304 984 333 1022 n.
357 965 427 1024 719.
451 966 510 1024 885
542 966 574 1026 in
605 967 684 1026 libro
706 965 855 1028 Vaticano
885 976 972 1026 notas
999 967 1110 1028 babent
1137 986 1156 1024 a
1181 987 1272 1030 mauu
1300 967 1414 1028 Metelli
1442 966 1495 1028 ad·

165 1065 305 1142 scriptas,
327 1084 402 1141 quas
423 1066 455 1123 in
475 1086 559 1126 suam
584 1087 648 1126 rem
669 1069 818 1130 convertit
833 1067 1058 1130 Gutensteuius.
1096 1065 1218 1130 Scilicet
1239 1089 1268 1128 n.
1281 1069 1341 1130 885
1364 1087 1431 1128 cum
1452 1067 1496 1126 sia

165 1167 316 1226 referatur
335 1167 415 1244 apud
436 1168 638 1228 Mazochium:
666 1187 734 1228 osec
758 1169 802 1228 Ti.
830 1169 964 1230 Caesaris
986 1173 1045 1228 divi
1068 1170 1143 1246 Δις.
1160 1173 1188 1246 J‘.
1210 1169 1334 1248 Acpcati
1350 1169 1495 1246 pontificis

165 1271 284 1325 muciani
305 1275 371 1340 cet,
393 1269 534 1328 Metellus
556 1270 726 1329 emendavit
741 1269 817 1347 Aup.
836 1281 917 1347 pout.
939 1291 1014 1331 maa.
1038 1289 1237 1347 versuumque
1259 1271 1438 1330 divisionem
1459 1268 1496 1328 ds

165 1387 250 1428 more
271 1387 290 1426 a
309 1369 467 1428 Mazochio
489 1371 655 1448 neglectam
676 1373 822 1444 restituitr
843 1373 903 1432 iam
926 1372 1006 1448 apud
1024 1371 1185 1433 Gruterum
1206 1373 1227 1432 l.
1243 1391 1269 1434 c.
1289 1371 1445 1450 inscriptio
1466 1379 1496 1428 et

165 1469 197 1528 in
218 1470 404 1548 compendiis
426 1480 456 1529 et
476 1471 507 1530 in
521 1490 661 1530 versuum
677 1473 824 1532 divisione
838 1473 966 1533 formata
980 1481 1027 1534 est
1041 1475 1080 1532 ad
1094 1475 1265 1550 exemplum
1279 1473 1495 1534 Metellianum.

165 1569 283 1628 Deinde
309 1571 341 1630 in
367 1591 396 1630 n.
414 1572 473 1630 719
501 1573 545 1632 sic
565 1575 661 1632 relata
682 1575 763 1652 apud
784 1575 971 1634 Mazochium
994 1575 1012 1632 l.
1036 1593 1077 1634 cr
1104 1576 1199 1636 Iulius
1225 1574 1334 1634 Caesar
1359 1575 1410 1632 deo
1434 1572 1497 1635 soit

164 1671 267 1730 inuicto
288 1672 383 1731 ultore
397 1675 538 1733 Metellus
560 1693 616 1751 pro
637 1676 730 1734 altore
750 1677 886 1752 reposuit
907 1695 1001 1747 orarem
1024 1676 1103 1735 unde
1129 1677 1174 1736 sic
1194 1676 1304 1753 legitur
1320 1674 1400 1750 apud
1416 1671 1495 1734 Gru·

165 1779 262 1830 terum
282 1771 304 1830 l.
320 1792 359 1832 c.:
383 1775 434 1834 deo
450 1774 513 1833 solt
533 1779 634 1836 inuicto
656 1795 739 1834 mam
757 1775 790 1836 Ο.
811 1777 906 1836 Iulias
932 1765 1043 1836 Castor
1064 1780 1092 1836 d.
1111 1779 1139 1836 d.
1256 1777 1382 1854 Recepit
1404 1775 1496 1854 igitur

164 1873 197 1930 in
214 1873 270 1932 hac
288 1873 505 1934 Gutenstenius
520 1877 756 1936 emendationem
771 1879 984 1949 Metellianam‚
1004 1888 1159 1954 praeterea
1175 1879 1211 1938 de
1226 1896 1280 1937 suo
1293 1879 1385 1938 verba
1398 1885 1495 1938 trans·

164 1975 276 2051 posuit,
293 1993 473 2052 praenomen
487 1987 518 2038 et
532 1978 700 2038 clausulam
714 1979 840 2058 addidit,
854 1979 966 2038 hiatum
982 1979 1135 2050 iudicavit,
1158 1980 1278 2038 omnino
1293 1980 1340 2038 sui
1355 1978 1474 2038 similis.

248 2076 284 2134 In
305 2077 477 2138 universum
495 2080 613 2140 collatis
628 2081 705 2140 inter
720 2099 752 2140 se
769 2079 1013 2142 Gutensteuianis
1027 2087 1057 2138 et
1072 2080 1275 2140 Masochianis
1289 2079 1494 2155 deprehendes

163 2177 359 2237 indicationes
383 2179 517 2238 locorum
545 2188 597 2240 aut
620 2183 740 2242 easdem
764 2200 832 2242 esse
857 2191 910 2240 aut
935 2181 1116 2251 simillimas,
1137 2181 1295 2240 lectionem
1319 2197 1409 2256 saepe
1434 2199 1495 2240 uon

162 2277 284 2338 differre
303 2280 362 2340 uisi
380 2280 412 2338 in
431 2280 564 2352 minutis,
584 2283 634 2342 ubi
649 2292 748 2342 autem
763 2283 892 2352 differat,
910 2281 1178 2342 Gutensteninnam
1192 2281 1402 2358 interpolatam
1417 2300 1494 2342 esse.

162 2379 277 2442 Earum
297 2380 561 2457 interpolationem
583 2392 702 2460 praeter
723 2402 816 2462 supra
836 2384 960 2445 allatam
982 2382 1059 2442 alias
1081 2382 1228 2458 quasdam
1249 2383 1422 2462 subscripsi.

501 2501 570 2554 Mur.
590 2502 641 2554 33:
944 2501 1016 2553 Grct.
1038 2499 1097 2563 100,
1115 2493 1172 2553 δἐι
1191 2505 1254 2554 Met.
1274 2505 1361 2555 scbsd.
1381 2497 1463 2557 autb

265 2594 295 2647 S.
309 2610 335 2660 p.
349 2611 375 2658 q.
388 2594 419 2645 R.
438 2594 528 2646 aedem
543 2595 705 2648 Concordiae
717 2602 843 2648 vetustate
918 2595 1019 2646 Aedem
1033 2593 1195 2646 concordiae
1209 2602 1335 2646 vetustate
1354 2597 1495 2662 collapsam

266 2669 406 2732 collapsam
419 2669 446 2717 in
460 2669 592 2718 meliorem
611 2669 704 2720 faciem
723 2685 800 2734 opere
820 2675 845 2720 et
918 2669 1069 2732 ampliorem
1088 2683 1166 2734 opere
1184 2670 1279 2736 caltuq.
1293 2669 1495 2734 splendidiorem

265 2740 336 2790 cultu
354 2741 528 2804 splendidiore
547 2743 721 2792 restituemini.
917 2742 1028 2792 restituit
1046 2757 1066 2790 s.
1087 2757 1112 2805 p.
1132 2757 1157 2806 q.
1177 2741 1209 2792 R.

501 2829 571 2882 Meu.
591 2829 642 2883 692
947 2831 1019 2882 Grai.
1041 2829 1101 2892 246,
1119 2829 1137 2880 4
1153 2822 1223 2883 ‘tint
1243 2848 1258 2883 a
1277 2847 1324 2884 ms.
1343 2825 1467 2886 Metelli':

265 2922 374 2973 Pietatis
392 2923 554 2987 imperatoris
568 2921 687 2975 Caesaris
706 2925 760 2974 divi
779 2925 844 2976 Ner·
918 2923 1013 2974 Pietati
1041 2930 1067 2972 et
1092 2924 1221 2974 Felicltati
1248 2924 1311 2989 imp.
1339 2923 1414 2975 Cass.
1443 2927 1495 2976 diri

266 3010 314 3046 rae
333 2996 441 3048 Traiani
458 3003 484 3046 et
501 2997 547 3048 rol.
918 2997 1021 3049 Nervae
1040 2997 1148 3048 Traiani
1165 3003 1191 3047 et
1207 2995 1253 3047 rel.

501 3121 571 3174 Mal·
592 3122 641 3174 14..
918 3086 990 3140 Grai.
1011 3085 1070 3148 179,
1089 3086 1105 3138 1
1122 3079 1211 3174 'coma
1227 3089 1306 3174 card,
1313 3088 1452 3160 carpensis
1465 3105 1496 3140 ις

1061 3161 1161 3213 Metelli
1180 3161 1314 3212 Gutenst..

265 3250 318 3300 Dd.
345 3267 391 3301 un.
418 3251 589 3302 Dioclitianus
617 3258 643 3302 et
665 3251 841 3302 Maximianus
914 3253 967 3304 Dd.
979 3269 1022 3304 un.
1033 3252 1062 3303 C.
1074 3252 1226 3302 soratvtl.
1237 3251 1416 3304 Diocletianus
1425 3253 1495 3304 stM.

265 3324 354 3374 invicti
370 3325 483 3375 seniores
498 3327 610 3391 Augusti
629 3331 715 3390 patres
734 3326 843 3390 impera·
916 3325 1007 3376 Aurei.
1020 3325 1079 3375 Vel.
1092 3325 1268 3375 Maximianus
1280 3326 1369 3378 invicti
1381 3327 1495 3378 seniores

265 3404 352 3448 torum
374 3405 400 3448 et
418 3398 559 3448 Caesarum
917 3401 1003 3464 Augg.
1016 3406 1102 3464 patres
1114 3399 1194 3463 impp.
1208 3404 1234 3447 et
1247 3397 1349 3462 Gaesp.
1368 3415 1394 3464 p.
1414 3434 1475 3448 ....

264 3488 432 3540 Constantius
441 3496 467 3538 et
475 3490 650 3540 Maximianus
659 3489 747 3540 invicti
756 3490 841 3555 Augg.
916 3490 960 3540 dd.
980 3505 1023 3539 un.
1043 3489 1084 3540 121.
1104 3489 1192 3538 Valer.
1213 3489 1378 3541 Constantius
1397 3495 1423 3540 et
1441 3490 1494 3541 Ga·

264 3568 292 3612 et
321 3562 432 3614 Sevems
464 3568 489 3612 et
517 3563 692 3612 Maximianus
722 3563 839 3613 nobiliss.
913 3563 961 3612 ler.
974 3562 1062 3612 Valer.
1081 3561 1242 3612 Maximinus
1261 3562 1415 3614 nobilissimi
1428 3561 1494 3613 an-

265 3634 390 3686 Caesares
917 3649 987 3685 sares
1005 3635 1028 3684 ll
1026 3669 1171 3684 ......

264 3722 378 3778 thermas
395 3727 484 3777 felleas
496 3725 648 3776 Dioolltiaui
663 3726 731 3791 Aug.
751 3726 839 3778 fratris
913 3725 1027 3778 thermas
1063 3725 1153 3776 felices
1185 3725 1351 3776 Diocletiano
1390 3733 1493 3791 coeptas

264 3802 305 3852 sui
317 3801 422 3851 nomine
435 3800 594 3850 consecravit
606 3800 704 3862 coeptis
717 3800 842 3852 aediliciis
916 3799 1040 3850 aediliciis
1060 3815 1107 3864 pro
1126 3800 1191 3850 tanti
1215 3799 1299 3865 operis
1318 3799 1494 3864 magnitudine

264 3889 311 3939 pro
324 3875 391 3923 tanti
404 3874 488 3938 operis
502 3873 677 3936 magnitudine
691 3874 762 3923 omui
774 3875 844 3926 cultu
918 3873 988 3924 omni
1012 3873 1083 3924 cultu
1103 3873 1155 3922 iam
1174 3873 1300 3938 periectas
1319 3873 1419 3924 numini
1438 3875 1493 3926 sius

264 3947 390 4013 periectas
408 3946 533 3997 Romanis
551 3946 603 3994 suis
623 3946 723 3995 dedica.
918 3952 1108 3996 consecrarunt.
1129 3981 1135 3994 .
1157 3981 1163 3995 .
1184 3981 1191 3995 .

434 4070 496 4122 Ma,
516 4072 539 4137 s
558 4061 660 4134 Μαι)
916 4027 1493 4122 Grut.178,3'ems.MetellistqaaUraini

495 4109 503 4122 ’
536 4109 542 4122 ’
618 4108 624 4122 ’
1106 4110 1304 4162 Gutenstenius.

344 4203 411 4266 hp.
430 4199 569 4250 Diocletia.
589 4199 669 4250 Cesar
687 4201 755 4270 sug.
940 4203 1007 4268 Imp.
1026 4202 1164 4254 Diocletla.
1185 4201 1215 4252 C.
1235 4203 1305 4266 Aug.
1324 4201 1382 4265 pius
1400 4201 1465 4252 felix

305 4275 456 4341 plurimibus
475 4273 596 4338 operibus
615 4273 643 4322 in
662 4274 727 4325 colle
746 4273 796 4324 boc
969 4276 1121 4344 plurimibus
1140 4274 1238 4340 operib.
1257 4276 1285 4324 iu
1303 4275 1369 4324 colla
1386 4274 1436 4326 boc

319 4355 443 4398 excavato
464 4362 529 4396 saxo
548 4346 673 4410 quesitam
692 4361 786 4410 aquam
964 4355 1089 4398 excavato
1108 4363 1173 4398 saxo
1192 4349 1334 4412 quaesitam
1352 4361 1446 4412 aquam

282 4421 335 4486 iugi
352 4420 480 4486 mollario
499 4434 533 4468 ex
552 4417 607 4468 tofo
626 4417 668 4470 bic
687 4426 826 4472 scatentem
930 4423 984 4488 iugi
1001 4419 1128 4486 profluvio
1147 4435 1181 4470 ex
1199 4421 1254 4470 tolo
1273 4420 1314 4472 bio
1332 4426 1474 4472 scatentem

503 4493 601 4541 invenit
1153 4493 1252 4544 invenit

362 4566 459 4616 Martia
477 4565 558 4614 salub.
569 4564 628 4614 Tib.
647 4563 738 4616 levior.
949 4567 1016 4617 Mar.
1035 4565 1203 4616 salubriorem
1223 4564 1311 4614 Tiber.
1329 4563 1454 4618 leviorem

445 4640 540 4690 curatis
559 4639 658 4702 aegritu
1032 4638 1151 4690 curandis
1168 4637 1372 4702 aegritudinibus

402 4719 428 4760 et
446 4718 542 4764 statera
560 4711 700 4762 iudicatam
1099 4718 1195 4762 statera
1213 4711 1310 4761 iudicat

263 4785 438 4849 eiusreceptui
447 4785 570 4850 putheum
578 4784 611 4833 ad
619 4799 694 4848 prox.
704 4783 770 4834 tricl.
778 4797 838 4834 usus
904 4783 1489 4850 eiusreceptuiputeumadprox.idalium
1595 4797 1598 4806 ¹

414 4858 441 4908 in
460 4858 509 4907 hoc
528 4857 694 4922 spberisterlo
1040 4859 1068 4908 in
1087 4857 1136 4908 hoo
1154 4852 1336 4922 sphaeristerio

263 4931 306 4980 ubi
330 4937 356 4980 et
373 4931 565 4996 imperatoriam
584 4931 764 4995 dictylctecam
783 4945 839 4994 pos.
973 4929 1017 4980 ubi
1036 4937 1062 4980 et
1079 4931 1197 4996 imperat.
1216 4932 1348 4996 nymieum
1365 4931 1385 4982 i.
1405 4948 1428 4982 c.

239 5136 261 5200 ¹)
290 5137 356 5190 cum
373 5117 449 5204 'apua
466 5137 631 5190 Maroohtum
651 5123 794 5188 'conseatur
816 5127 851 5188 ‘n
869 5136 949 5186 uano
968 5137 1007 5188 10.
1027 5137 1161 5200 nantuac
1185 5138 1217 5189 aa
1235 5137 1369 5190 mutum·
1387 5138 1441 5190 avo
1458 5139 1487 5190 a

161 5228 238 5280 vinea
260 5229 316 5280 eius
338 5245 419 5295 prope
437 5231 465 5284 S.
485 5230 597 5282 Mariam
620 5219 760 5290 malorem',
786 5227 906 5278 Metellus
930 5229 1067 5295 adscripsit
1088 5219 1136 5280 ‘est
1154 5229 1253 5296 Nepete
1271 5231 1300 5284 tu
1317 5228 1434 5291 ciuitate,
1458 5235 1487 5278 at

161 5319 256 5370 dicitur
272 5322 300 5371 in
318 5321 407 5372 codice
425 5312 565 5386 Carpausi',
584 5321 664 5372 rerba
681 5336 735 5372 non
753 5321 869 5370 mutarit.
