3654 6072
184 621 278 675 taso
606 620 688 674 VOL.
704 621 718 672 1
735 619 1089 684 nnulttvlsslttnttvn.

182 793 222 852 10
244 793 408 852 Praeneste
428 791 460 850 in
481 792 566 852 cista.

223 933 254 986 to
276 928 424 1003 operatio:

734 1027 819 1078 sualua
840 1029 862 1068 ta
1140 1031 1175 1072 tir
1195 1031 1218 1072 ln

535 1007 555 1040 nr

414 1079 500 1121 Silenus
534 1043 555 1186 ἓ

534 1191 555 1221 to

674 1157 683 1168 ·
720 1121 774 1162 equo
796 1109 881 1152 marino
1077 1118 1173 1154 moretm
1192 1113 1279 1154 mortno

223 1252 255 1305 ia
275 1252 342 1324 Ipsa
365 1250 453 1306 cisto:

183 1381 310 1425 sitonvs
333 1380 420 1424 DOXA
444 1380 607 1424 ttovtosoo
628 1380 798 1426 atax-mos
823 1382 908 1426 tECES
935 1381 1083 1428 SORESIOS
1108 1383 1283 1428 ΔΕΜΕΜΕΝΟ
1309 1385 1400 1430 15Το11
1423 1367 1510 1432 IAVIS

195 1466 263 1518 Sotrr
334 1465 420 1514 senatun
491 1465 577 1514 scorteo
632 1465 754 1506 virtootoe
810 1468 917 1518 scripum
972 1469 1007 1508 cir
1020 1467 1096 1510 laetat
1173 1470 1209 1509 atr
1254 1449 1274 1535 ,Ξ
1299 1470 1382 1514 tarento
1426 1472 1511 1522 semtno

203 1559 251 1590 ctam
329 1548 353 1588 tn
366 1559 435 1589 mone
495 1547 582 1589 lamae
652 1549 739 1589 intrim
803 1549 827 1589 tn
842 1549 922 1590 tabella
1007 1551 1063 1592 duat
1153 1552 1228 1593 baculo
1257 1561 1275 1608 ξ
1308 1553 1376 1605 &tuito

176 1631 265 1680 semino
320 1630 440 1671 columbam
497 1629 574 1671 tunica
653 1629 725 1680 stertit
804 1634 916 1698 colomnae
997 1639 1069 1675 tenens
1145 1634 1234 1676 tanim
1254 1607 1280 1688 ξε
1301 1639 1392 1678 numm·

345 1717 417 1754 teum
488 1711 560 1762 'snae
660 1721 725 1766 maor
822 1715 898 1766 adsue
1005 1727 1061 1758 orae
1259 1687 1274 1782 ἒ
1295 1723 1385 1770 tonum

494 1805 580 1838 certam
666 1796 722 1837 deor
989 1799 1077 1840 tanturn
1259 1783 1275 1862 ξ

496 1878 574 1920 ducem
655 1887 727 1920 teum
1259 1863 1279 1920 ἔι

180 1997 219 2058 R.
236 1995 372 2058 Schoenc
394 1997 445 2074 qui
468 1997 542 2056 sidit
562 1997 592 2055 in
614 2015 683 2056 ann.
705 1997 777 2058 inst
800 1997 880 2057 arch.
907 1997 986 2058 1870
1008 2019 1037 2076 p.
1054 1999 1170 2078 tttsq.
1192 2000 1252 2059 tab.
1267 2001 1374 2062 XXII.
1390 2003 1509 2065 XXIII.

181 2097 243 2158 Pro
265 2112 436 2157 toovtoenn
456 2098 517 2176 legi
538 2115 629 2175 posse
650 2099 741 2158 etiam
763 2115 931 2158 nnnvtoson
953 2100 1068 2158 monuit
1088 2100 1260 2161 Hennenus.

222 2197 393 2273 Quamnam
421 2198 553 2258 fabulam
574 2207 801 2276 repraesentare
821 2201 952 2260 voluerit
972 2201 1103 2260 caelator
1123 2221 1189 2260 cum
1210 2202 1341 2264 nondum
1363 2203 1437 2266 satIs
1459 2228 1511 2267 ex·

180 2301 291 2379 plicare
312 2301 465 2378 potuerint
485 2301 544 2360 viri
566 2301 683 2373 eruditi,
704 2321 742 2360 ne
764 2303 800 2360 de
822 2301 990 2361 nominibus
1011 2303 1131 2378 quidem
1153 2305 1290 2364 omnibus
1309 2305 1412 2382 quuet.
1450 2307 1511 2382 Qui

181 2403 296 2461 medius
319 2403 450 2462 cernitur
470 2403 591 2462 omnino
613 2411 659 2460 est
680 2403 763 2462 Aiax
778 2402 893 2474 Oileus,
914 2421 984 2462 nam
1005 2422 1060 2480 pro
1082 2405 1228 2464 vocabulo
1249 2398 1352 2467 Οἰλεύς
1372 2409 1443 2467 itam
1465 2429 1509 2468 re·
1549 2439 1551 2442 ·

181 2504 273 2580 periti
295 2511 325 2562 et
343 2495 434 2562 Ἰλεύς
455 2511 486 2563 et
506 2503 587 2582 apud
605 2502 732 2563 Latinos
753 2513 890 2564 auctores
907 2502 1004 2563 Oileos
1026 2503 1073 2580 (ut
1093 2503 1159 2564 (lic.
1181 2504 1218 2566 de
1240 2515 1315 2566 orat.
1339 2507 1368 2580 2,
1384 2508 1433 2582 66,
1450 2507 1510 2569 265

181 2617 244 2666 tuot
266 2605 373 2666 Aiaces
396 2603 506 2682 Oileos)
528 2614 609 2664 recte
630 2607 746 2666 monuit
766 2603 946 2678 Schoenius,
968 2621 1064 2682 neque
1086 2605 1250 2665 audiendus
1272 2616 1320 2666 est
1341 2606 1510 2671 Gorssenns

182 2706 276 2784 (apud
300 2705 481 2768 Schoenium
502 2725 532 2784 p.
547 2706 622 2783 338)
651 2707 814 2767 secundum
835 2706 1011 2766 vocabulum
1033 2708 1135 2768 nescio
1158 2708 1308 2784 quomodo
1329 2711 1451 2771 trahens
1472 2711 1511 2771 ad

181 2826 289 2868 nomen
316 2809 394 2886 equi.
436 2807 513 2866 Item
541 2809 622 2884 quod
646 2808 780 2885 pingitur
805 2808 837 2867 in
861 2808 973 2867 tabella
994 2807 1033 2866 ad
1054 2809 1225 2868 columnam
1245 2810 1391 2886 pendente
1415 2827 1510 2886 aneuz,

181 2921 260 2969 recte
287 2909 367 2968 idem
389 2906 556 2969 Schoenius
576 2909 651 2968 vidit
678 2927 737 2968 non
762 2927 830 2970 esse
855 2909 978 2968 alterius
1000 2911 1070 2985 equi
1091 2929 1215 2984 nomen,
1243 2929 1321 2987 quae
1343 2920 1389 2972 est
1409 2914 1511 2989 opinio

183 3009 338 3082 Oorsseni,
361 3011 414 3068 sed
429 3011 504 3087 lepos
518 3011 704 3070 vocabulum.
734 3010 865 3070 Seretion
880 3011 1049 3070 obscurum.
1082 3009 1248 3070 Acmemeuo
1263 3019 1311 3072 est
1323 3012 1510 3090 Apomcmom

181 3113 368 3190 comparavit
382 3110 551 3171 Corssenus
566 3113 647 3188 quod
662 3121 708 3170 eat
722 3111 748 3184 1,
763 3111 863 3172 1539a
880 3111 1095 3188 Calocaetfiuo).
1123 3113 1203 3172 Istor
1219 3131 1326 3173 rursus
1341 3113 1510 3188 obscurum,

181 3231 362 3290 quamquam
382 3211 501 3273 Graeca
521 3213 609 3272 mdlx
630 3214 789 3291 perspicua
809 3221 865 3272 cst
908 3211 1003 3272 Locis
1025 3212 1194 3274 Oorssenus
1216 3216 1311 3274 credit
1331 3233 1401 3276 esee
1417 3213 1511 3276 Grae-

182 3333 248 3374 cum
271 3306 340 3371 Λαιέ
361 3314 565 3391 probabiIiter.
609 3313 778 3374 Laoumeda
799 3313 907 3374 muller
926 3312 1042 3375 Graece
1063 3315 1189 3375 ditentla
1209 3315 1266 3375 luit
1286 3308 1441 3386 Λαομέδεια
1462 3318 1512 3376 vel

181 3405 325 3483 Aaoraiia,
346 3424 379 3474 ut
398 3405 582 3498 Ἀνδρομέδα.
625 3417 714 3476 Dosa
736 3416 775 3474 ad
796 3434 905 3476 nomen
927 3425 1006 3474 certe
1027 3415 1217 3494 intellegitur.
1260 3417 1397 3492 Silanus,
1420 3419 1511 3478 atrior

181 3517 381 3597 explicatione
402 3536 463 3576 non
484 3517 628 3594 indigent.

182 3707 231 3768 20
256 3710 288 3768 in
309 3709 385 3767 cista
405 3728 468 3786 rep.
490 3707 669 3781 Praeneste,
695 3722 839 3788 possessa
858 3706 988 3786 priorum
1011 3725 1029 3766 a
1051 3706 1222 3779 PasInatio,
1251 3727 1329 3768 nnnc
1350 3709 1389 3768 ab
1411 3709 1510 3785 Anglo

222 3809 411 3870 Donuldson.

354 3925 468 3970 cnS'IOR

216 4013 299 4054 tarenta
370 4011 452 4052 turmis
590 4013 624 4052 εἰν
638 4013 741 4053 turbatae
848 4011 947 4052 Minerua
1027 3983 1113 4060 slmiro
1171 3993 1311 4062 'sentino'
1386 4013 1468 4054 tarento

215 4095 308 4136 statano
373 4094 450 4136 aaron
508 4073 528 4147 Ξ
576 4095 654 4146 potuis
665 4093 757 4146 peditat
809 4093 982 4144 servaturae,
1047 4097 1108 4135 olata
1169 4105 1227 4146 puer
1273 4105 1331 4147 patr

221 4177 297 4218 laetae
374 4177 450 4218 lustru
507 4147 528 4263 ξ
596 4181 617 4218 ot
630 4177 737 4227 mansam,
816 4178 906 4219 statmo
921 4183 981 4218 scuto
1042 4177 1119 4218 sedena

215 4261 303 4301 tanim
367 4260 456 4301 tantm
514 4283 520 4297 ·
584 4271 663 4311 manao
678 4265 749 4302 antra
862 4261 939 4301 lantso
1042 4260 1120 4300 dextro

220 4353 297 4394 equum
341 4354 450 4395 woicam
507 4321 528 4404 g
580 4341 756 4394 dextrasotrem,
1035 4343 1122 4384 sublato

223 4425 290 4476 sraao
378 4427 444 4476 freno
507 4406 528 4502 ξ
573 4427 663 4467 statano
677 4429 761 4466 εὶαεαπι

226 4514 297 4550 teneor
377 4511 448 4549 terim
506 4508 528 4560 ζ
588 4514 668 4556 unm.
683 4509 750 4549 kasta

507 4565 528 4681 ἒ
584 4593 641 4643 pera
663 4591 750 4632 truatur

507 4731 528 4784 ξ

181 4841 220 4899 R.
243 4837 379 4901 Schoene
406 4839 458 4918 qui
480 4840 555 4899 vidit
574 4841 606 4898 in
628 4860 696 4900 ann.
718 4839 787 4900 inst.
810 4840 890 4898 arch.
916 4838 996 4899 1810
1016 4858 1046 4916 p.
1064 4839 1124 4897 344
1136 4855 1181 4915 sq.
1204 4839 1265 4898 tab.
1280 4839 1395 4899 XXIV.
1411 4839 1509 4898 XXV.

223 4957 317 5000 aaran
331 4955 559 5000 rovmttrouoro
580 4960 599 5000 a
621 4942 728 5001 dextra
748 4941 786 5002 ad
808 4941 957 5001 sinIstram
981 4940 1125 5018 scriptum
1147 4949 1195 5000 est
1216 4949 1248 5000 ut
1266 4956 1399 5002 nosceta
1420 4941 1444 5014 I,
1460 4939 1515 5012 56.

181 5057 331 5102 vrcroan.
351 5041 378 5116 Ι,
396 5043 485 5116 1500,
507 5057 662 5102 cessarea
682 5043 708 5117 I,
725 5043 803 5102 1501
829 5041 879 5117 (cf.
902 5061 930 5120 p.
947 5042 1008 5102 554
1030 5041 1097 5100 add.
1118 5041 1158 5100 ad
1178 5059 1208 5100 n.
1223 5041 1287 5118 55).
1324 5040 1511 5102 Vocabulum

180 5143 242 5221 legi
263 5161 354 5220 posse
368 5153 398 5202 et
413 5159 639 5204 rovnttronon
654 5153 684 5204 et
698 5157 919 5204 roantttouou
934 5151 1112 5202 monuerunt
1125 5143 1215 5202 amici
1228 5142 1344 5202 Romae
1358 5142 1510 5218 degentes.

183 5237 349 5308 Schoenins
369 5245 541 5306 observarit
555 5247 612 5307 sub
625 5245 747 5306 nomine
761 5245 856 5324 patris
869 5245 1066 5322 pumilionum
1080 5235 1301 5322 repraesentari
1314 5235 1510 5321 Pygmaeum.
