3654 6072
332 603 378 672 56
903 611 1085 666 normann

330 800 463 866 tempore
488 789 578 848 fuerit
603 805 726 846 neeesse
752 795 808 846 est.
850 785 943 844 Recte
969 784 1061 860 igitur
1086 783 1271 860 Borghesius
1293 782 1513 858 Heuzenusque
1539 781 1661 840 titulum

329 892 409 950 hunc
430 889 468 950 ad
490 899 625 948 extrema
646 896 783 964 tempora
803 886 951 945 Hadriani
973 892 1197 944 revocaverunt.

413 991 523 1050 Adhuc
544 999 623 1048 recte
645 990 682 1048 ah
705 989 774 1047 aliis
797 989 956 1046 observata
969 987 1084 1058 rettuli3
1106 993 1221 1044 restant
1239 985 1308 1056 alia,
1330 985 1378 1043 ubi
1394 1003 1460 1042 meo
1476 985 1548 1042 mihi
1564 985 1662 1042 Marte

329 1092 548 1168 procedendum
570 1100 624 1149 est.
666 1089 842 1165 Quicunque
863 1089 941 1146 tituli
964 1087 1170 1158 meminerunt,
1191 1085 1263 1146 Ursi
1286 1087 1441 1144 cuiusdam
1458 1084 1569 1162 Togati
1591 1105 1664 1144 eum

330 1211 395 1252 esse
417 1191 558 1251 dixerunt
578 1211 704 1267 eumque
718 1191 831 1250 Ursum
847 1189 997 1268 Togatum
1019 1187 1203 1247 condicionis
1223 1187 1379 1246 libertinae
1400 1187 1550 1245 hominem
1566 1186 1662 1244 credi-

330 1293 444 1352 derunt.
489 1294 531 1350 At
558 1293 609 1368 qui
637 1293 749 1367 duplex
776 1309 940 1367 cognomen
967 1291 1011 1348 ita
1035 1290 1166 1366 positum
1191 1289 1322 1364 aliquam
1345 1288 1540 1347 offensionem
1561 1288 1662 1360 habet,

330 1412 509 1470 quamquam
532 1395 605 1450 talia
626 1393 751 1468 reperiri
772 1412 833 1451 non
854 1411 941 1470 nego.
985 1389 1101 1448 Deinde
1124 1389 1234 1466 Togati
1260 1407 1424 1465 cognomen
1446 1389 1519 1447 mihi
1541 1388 1661 1463 quidem

329 1495 497 1553 inauditum
519 1504 565 1554 est
585 1503 614 1551 et
635 1493 723 1570 plane
745 1495 810 1552 sine
832 1491 981 1567 exemplo,
1002 1499 1036 1550 nt
1058 1491 1170 1550 similia
1191 1509 1311 1567 quoque
1328 1473 1434 1560 Pilati,
1456 1489 1586 1562 Hastati,
1605 1487 1662 1548 Sa·

330 1596 393 1673 gati
420 1596 499 1654 inter
525 1595 646 1654 nomina
671 1603 723 1654 aut
750 1595 939 1654 inveniuntur
964 1593 1120 1652 rarissime
1146 1602 1198 1650 aut
1224 1592 1344 1650 omnino
1371 1610 1431 1649 nou
1460 1591 1661 1649 inveniuntur.

331 1694 445 1755 Contra
466 1697 515 1754 uhi
537 1696 739 1772 praedicative
761 1694 938 1754 vocabulum
958 1694 1125 1770 acceperis,
1148 1692 1338 1752 difficultates
1360 1710 1463 1749 omnes
1485 1699 1665 1750 evanescent

331 1805 361 1854 et
389 1797 537 1854 sententia
565 1799 676 1872 optime
703 1797 852 1873 procedit,
882 1796 1021 1854 nimirum
1048 1795 1125 1852 hunc
1151 1795 1278 1870 primum
1300 1794 1392 1852 fuisse
1414 1811 1454 1850 ex
1475 1793 1602 1868 togatis,
1631 1792 1664 1850 id

330 1905 438 1955 estex
460 1897 575 1954 civibus
590 1898 747 1969 Romania,
770 1898 822 1974 qui
837 1897 939 1954 vitreis
963 1895 1033 1970 pilis
1056 1895 1174 1971 publice
1194 1895 1309 1953 luserit.
1346 1893 1424 1952 Eurn
1446 1894 1555 1964 lusum,
1577 1893 1665 1952 cuius

330 2005 486 2074 praeterea
512 1999 593 2074 quod
615 1999 708 2056 sciam
730 1998 840 2056 mentio
861 2015 922 2056 non
942 1997 989 2068 fit,
1015 2003 1246 2056 consentaneum
1269 2005 1316 2054 est
1337 2001 1474 2072 coeptum
1497 2013 1515 2052 a
1536 1995 1665 2070 praesti-

330 2098 498 2176 giatoribus
529 2097 712 2157 condicionis
738 2099 915 2176 peregrinae
943 2106 1049 2174 postea
1077 2097 1195 2154 demum
1222 2105 1419 2172 propagatum
1450 2113 1519 2154 esse
1544 2095 1584 2153 ad
1610 2114 1664 2154 eos

330 2201 381 2275 qui
410 2217 471 2257 non
499 2204 622 2275 ‘propter
648 2201 756 2276 stipem
785 2199 904 2277 publice
932 2199 1076 2256 luderent.
1125 2181 1187 2258 Sed
1214 2217 1274 2256 non
1303 2197 1377 2256 satis
1405 2204 1452 2254 est
1479 2198 1560 2272 quod
1581 2195 1664 2255 Urso

331 2307 434 2377 togam
455 2299 673 2358 vindicavimus
701 2320 757 2376 pro
784 2301 960 2376 cognomine
988 2299 1065 2357 male
1093 2299 1119 2358 ei
1146 2300 1284 2370 obtrns03
1314 2298 1487 2356 liberandus
1509 2307 1556 2356 est
1577 2316 1665 2372 pras·

332 2409 414 2458 terea
441 2420 460 2458 a
485 2402 604 2459 macula
629 2401 841 2460 libertinitatis.
890 2400 977 2459 Hane
1004 2401 1032 2458 ei
1059 2399 1233 2459 indiderunt
1258 2406 1420 2478 'propterea
1448 2401 1529 2474 quod
1551 2399 1666 2458 Verum

333 2507 378 2559 ter
403 2501 572 2573 consulem,
599 2503 738 2578 quisquis
760 2503 830 2573 fuit,
853 2511 1012 2578 patronum
1034 2501 1181 2578 appellat3
1209 2509 1241 2560 at
1263 2501 1289 2559 si
1313 2499 1450 2558 Volteius
1473 2501 1563 2558 Mena
1584 2500 1666 2578 apud

331 2600 493 2662 Horatium
509 2601 570 2677 (ep.
589 2603 616 2673 l,
632 2603 660 2674 7,
677 2601 730 2678 92)
747 2603 929 2678 Philippum,
951 2603 1036 2661 cuius
1051 2602 1144 2660 cliens
1159 2601 1226 2672 tuit,
1246 2619 1306 2659 non
1320 2599 1455 2672 libertus,
1477 2603 1596 2677 patroni
1610 2619 1666 2660 no-

333 2703 411 2760 mine
433 2703 614 2778 adloquitur,
636 2703 740 2778 quidni
762 2703 900 2760 similiter
921 2702 1018 2762 Ursus
1040 2701 1125 2778 loqui
1146 2701 1244 2778 potuit
1265 2701 1302 2759 de
1317 2702 1399 2763 Vero
1422 2719 1493 2762 sene
1515 2701 1664 2762 ditissimo

333 2812 364 2862 et
391 2803 620 2878 potentissimo?
665 2801 754 2876 Quod
782 2805 809 2862 si
834 2803 1038 2862 libertinitatis
1065 2802 1243 2861 documenta
1267 2802 1352 2860 nulla
1376 2801 1414 2860 in'
1429 2803 1562 2860 carmine
1583 2803 1666 2862 inve-

334 2904 468 2974 niuntur,
494 2904 707 2978 ingenuitatem
734 2905 832 2980 arguit
857 2905 954 2980 ipsum
977 2921 1151 2979 cognomen.
1194 2902 1273 2960 Nam
1294 2901 1392 2962 Ursos
1413 2912 1474 2960 tam
1497 2904 1666 2962 senatoriae

334 3021 425 3077 quam
451 3004 598 3080 equestris
626 3005 808 3064 condicionis
829 3025 889 3062 non
914 3005 957 3062 ita
978 3022 1090 3080 paucos
1113 3005 1231 3080 repperi
1239 3025 1248 3074 3
1276 3003 1447 3062 libertinum
1468 3005 1512 3061 ita
1533 3004 1665 3080 appella-

337 3111 399 3160 tu'm
422 3122 482 3162 non
503 3105 630 3162 inveniri
651 3123 832 3180 quamquam
854 3105 975 3164 minime
996 3105 1144 3164 contendo
1167 3104 1278 3179 (neque
1300 3105 1378 3162 enim
1400 3106 1438 3164 ab
1459 3106 1601 3164 hesterno
1616 3107 1664 3164 de·

335 3221 416 3261 mum
441 3204 490 3262 die
510 3203 543 3262 in
563 3205 621 3264 hoo
643 3224 774 3280 aequore
795 3207 934 3280 navigo),
960 3207 1017 3263 hoe
1039 3206 1105 3263 dico
1127 3206 1307 3264 vocabulum
1328 3224 1425 3282 neque
1447 3204 1665 3266 Graecanicum

336 3323 404 3364 esse
430 3325 527 3384 neque
554 3325 592 3364 ex
619 3307 737 3364 Latinis
765 3307 803 3364 iis
830 3325 908 3382 quae
935 3324 1008 3364 usus
1036 3305 1230 3367 Graecanicis
1259 3307 1399 3382 aequavit
1420 3315 1449 3366 et
1471 3307 1591 3365 omnino
1612 3325 1665 3366 no-

336 3425 405 3464 men
431 3425 512 3477 esse,
540 3417 573 3464 ut
600 3406 643 3464 ait
664 3407 787 3465 'l'acitus
815 3407 904 3482 (hiet.
924 3408 1040 3482 1‚13),
1068 3416 1214 3483 equestre.
1259 3407 1397 3482 Denique
1424 3415 1456 3465 ut
1480 3409 1522 3466 M.
1549 3409 1665 3467 Annius

337 3506 437 3565 Verus
467 3507 632 3583 splendidis
658 3509 808 3568 natalibus
835 3516 917 3567 ortua
943 3509 975 3566 in
1002 3527 1123 3586 gregem
1150 3525 1277 3583 quocum
1303 3509 1406 3568 ludere
1433 3509 1551 3568 solebat
1577 3510 1666 3567 etiam

335 3607 485 3666 inferioris
508 3609 621 3666 ordinis
643 3609 781 3668 homines
802 3609 965 3681 admiserit,
991 3629 1059 3668 curn
1081 3609 1279 3685 sphaeristica
1299 3610 1376 3668 inter
1397 3610 1565 3668 senatorias
1587 3617 1666 3668 artes

337 3715 417 3766 certe
444 3727 506 3767 non
534 3717 720 3780 numeretur,
747 3718 846 3768 tamen
873 3712 951 3768 inter
978 3711 1134 3768 libertinos
1161 3729 1229 3768 eum
1255 3711 1370 3768 socium
1397 3710 1454 3768 sibi
1481 3711 1667 3786 quaesivisse

338 3809 519 3866 christianae
540 3810 636 3884 magis
658 3810 819 3868 humilitati
840 3811 979 3870 convenit
999 3829 1089 3886 quam
1111 3811 1251 3886 gravitati
1274 3795 1436 3868 Romanae.

422 3907 524 3966 Unum
546 3917 692 3983 superest,
703 3911 793 3987 'quod
816 3912 987 3988 scrupulum
1003 3921 1131 3983 moveat,
1154 3912 1298 3987 apotheca
1312 3912 1469 3982 dominica,
1491 3931 1552 3988 qua
1566 3912 1666 3989 appel-

338 4009 451 4066 latione
486 4027 557 4068 sane
587 4011 713 4068 libertus
741 4013 860 4088 patroni
888 4013 995 4070 cellam
1026 4013 1171 4070 vinariam
1200 4012 1370 4088 significare
1398 4012 1510 4086 potuit;
1543 4013 1600 4070 etsi
1626 4015 1668 4072 ita

339 4128 400 4167 non
428 4110 502 4168 satis
531 4110 728 4188 intellegitur,
756 4131 809 4170 cur
834 4113 973 4172 libertum
1002 4112 1173 4170 honoraturi
1202 4113 1321 4188 patroni
1348 4113 1479 4172 maxime
1507 4115 1668 4190 amphoras

340 4210 469 4269 ebibant.
514 4208 602 4284 Quod
625 4213 651 4270 si
671 4211 772 4272 Ursus
794 4232 855 4272 uon
875 4213 1032 4272 libertinus
1052 4213 1124 4284 fuit,
1151 4213 1204 4271 sed
1226 4214 1386 4290 ingenuus,
1409 4213 1554 4288 apotheca
1574 4214 1667 4273 domi·

339 4311 455 4370 nicaei
484 4311 569 4370 nulla
597 4313 654 4371 dici
683 4313 782 4387 potuit
809 4314 869 4372 uisi
894 4313 1099 4388 imperatoris3
1128 4315 1212 4372 cuius
1240 4331 1421 4390 quamquam
1450 4313 1549 4372 claves
1575 4332 1668 4390 penes

340 4430 407 4470 eum
432 4411 528 4470 fuisse
556 4414 714 4472 ostendere
740 4431 857 4488 nequeo
884 4421 927 4485 et,
954 4422 986 4472 ut
1011 4433 1112 4472 verum
1139 4415 1248 4486 fatear,
1275 4415 1314 4472 ad
1335 4413 1484 4474 Hadriani
1506 4413 1669 4474 Falernum

339 4509 451 4570 Ursum
473 4531 532 4570 non
554 4513 717 4572 faciliorem
739 4513 852 4572 aditum
873 4515 1015 4572 habuisse
1034 4533 1208 4590 persuasum
1224 4516 1320 4574 habeo
1335 4533 1425 4591 quam
1439 4515 1573 4590 reliquos
1588 4516 1669 4574 cives

338 4612 469 4670 urbanos
490 4623 609 4689 practer
630 4631 743 4688 paucos
756 4617 863 4674 beatos
878 4615 916 4672 ad
932 4615 1072 4673 auditorii
1086 4623 1116 4674 et
1130 4615 1243 4676 cellarii
1258 4601 1494 4675 communionem
1509 4616 1669 4688 admissos,

340 4719 439 4770 tamen
459 4713 516 4782 hoo
537 4715 601 4772 scio
623 4715 784 4789 amphoras
804 4715 900 4773 cellae
921 4715 1132 4792 imperatoriae
1153 4717 1243 4775 etiam
1258 4718 1296 4775 ab
1310 4717 1348 4775 iis
1363 4716 1507 4774 celebrari
1521 4717 1670 4792 potuisse,

340 4811 393 4885 qui
413 4829 575 4886 numquam
596 4833 634 4872 ne
655 4816 776 4873 odorem
797 4815 917 4891 quidem
939 4835 1039 4874 carum
1062 4817 1243 4876 olfecissent.
1285 4815 1335 4874 ‘ilc
1357 4816 1384 4873 ἐν
1403 4810 1509 4892 Ῥώμῃ,
1532 4816 1669 4876 Galenus

341 4910 384 4968 eit
404 4901 479 4992 (aspi
501 4903 652 4970 ἀντιδᾶτων
671 4916 733 4987 1,4
755 4915 814 4972 vol.
833 4917 871 4974 14
892 4936 921 4992 p.
938 4915 977 4975 25
998 4917 1117 4992 Kfihn),
1139 4920 1192 4974 miv
1214 4911 1334 5000 cipirrwv
1356 4907 1515 4999 φαρμάκων
1535 4915 1670 4976 ἁπάντων

341 5005 495 5092 εὔπορῆσαι
522 5011 630 5079 μᾶλλον
656 5003 775 5084 duravi
797 5011 864 5072 κατ’
887 5005 960 5074 ἄλλο
988 5009 1103 5098 quatu,
1130 5007 1218 5077 adroic
1239 5015 1266 5074 ἓν
1289 5013 1363 5095 αὐτῇ
1383 5019 1418 5094 τῇ
1436 5010 1527 5094 Ῥώμῃ
1547 5012 1670 5102 Καίσαρι

341 5100 489 5180 σκευάζων
515 5132 557 5170 τις
583 5102 622 5170 ἔτι
649 5115 758 5180 μᾶλλον
786 5110 899 5199 adricpei
920 5107 1034 5174 πάντων
1059 5119 1115 5174 τῶν
1141 5116 1180 5178 εἷς
1205 5107 1290 5202 ἄκρον
1314 5114 1415 5202 ἀρετῆς
1437 5107 1570 5188 ἦκὸντων,
1597 5112 1669 5176 οἴνου

332 5199 389 5276 ’μὲν
416 5212 467 5268 τοῦ
492 5203 642 5294 Φαλερίνου
668 5204 716 5270 nul
742 5206 852 5284 abach
875 5208 1022 5288 ’Ύμηττῖου
1049 5226 1080 5278 et
1105 5236 1182 5294 quae
1209 5230 1380 5296 sequuntur.
1423 5215 1538 5278 Narrat
1563 5219 1671 5278 deinde
