3568 6070
479 613 1106 670 nnnnnmrcronvuvnsrsmnvms.
1384 600 1453 672 119

125 793 237 844 certum
264 784 419 862 estquod
444 786 475 844 in
500 786 566 846 eius
592 787 652 846 fine
676 788 795 848 litterae
823 803 970 848 rsrrrvsn
997 789 1094 849 adhuc
1119 799 1294 868 supersunt;
1321 791 1455 852 secunda

125 903 191 944 cum
217 887 301 946 inter
325 887 380 946 hae
407 886 483 946 duas
510 887 600 947 aedes
626 888 708 946 aliud
734 889 902 949 aedificium
927 907 988 948 non
1013 889 1181 950 interfuerit
1207 892 1331 952 alterius
1357 892 1454 952 utrius

124 985 212 1046 luerit
237 1003 364 1048 necesse
392 995 447 1048 est.
489 987 623 1048 Litterae
650 997 749 1049 autem
772 999 916 1050 ssrrrvsr
942 990 973 1048 in
998 991 1121 1067 zephori
1142 991 1281 1052 inferiore
1302 1001 1388 1070 parte
1408 993 1454 1052 in·

124 1087 204 1145 cisae
224 1095 310 1160 sunt,
331 1095 483 1166 totamque
496 1089 731 1166 inscriptionem,
753 1091 837 1150 cuius
855 1110 908 1150 eae
923 1099 993 1150 sunt
1006 1091 1128 1150 ultimae
1141 1092 1269 1165 litterae,
1290 1109 1350 1154 uno
1364 1110 1454 1152 versu

125 1205 188 1246 esse
210 1189 413 1268 perscriptam
434 1188 597 1249 Hennenus
619 1191 777 1252 intellexit.
821 1189 898 1251 Cum
919 1191 997 1251 enim
1018 1191 1088 1250 illae
1110 1199 1178 1251 octo
1199 1193 1316 1252 litterae
1337 1202 1454 1270 partem

124 1305 189 1345 eam
215 1289 347 1365 zophori
367 1307 445 1366 quae
466 1297 512 1350 est
534 1307 627 1368 supra
646 1297 813 1350 extremum
834 1291 1094 1351 intercolumnium
1114 1293 1159 1352 ita
1179 1301 1325 1373 occupent
1349 1301 1383 1352 ut
1402 1311 1454 1353 va·

124 1404 210 1446 cuum
231 1389 372 1449 relictum
395 1391 434 1450 sit
453 1391 583 1469 spatium
607 1392 732 1452 duarum
753 1393 930 1466 litterarum,
951 1400 1047 1452 totum
1068 1411 1190 1454 versum
1212 1411 1304 1470 supra
1324 1393 1454 1472 quinque

122 1488 355 1552 intercolumnia
381 1493 524 1568 scriptum
551 1500 597 1552 tot
622 1494 686 1552 fere
713 1494 855 1552 habuisse
881 1493 996 1553 litteras
1024 1493 1192 1554 certissime
1219 1503 1353 1568 constat,
1380 1501 1454 1572 quot

123 1591 243 1648 suntin
266 1611 307 1652 ea
326 1593 530 1672 inscriptione.
566 1595 681 1672 ltaque·
695 1613 761 1654 cum
783 1594 871 1652 trium
893 1594 1013 1654 illarum
1032 1595 1270 1673 inscriptionum,
1291 1613 1366 1672 quas
1380 1595 1453 1654 Ein-

123 1689 283 1753 eiedlensis
306 1696 481 1754 coniunctas
502 1694 603 1768 habet,
627 1696 725 1772 prima
747 1701 841 1754 totum
863 1695 1029 1772 zophorum
1050 1697 1135 1755 aedis
1157 1704 1226 1756 octo
1247 1695 1453 1776 columnarum

123 1801 258 1868 occupet,
281 1795 372 1854 tertia
391 1796 423 1854 in
444 1795 519 1854 aede
540 1814 617 1872 quae
633 1796 773 1874 proxima
787 1803 834 1854 est
846 1797 972 1874 zophori
986 1805 1100 1872 partem
1114 1797 1296 1870 inferiorem,
1318 1797 1454 1874 sequitur

125 1900 154 1949 ut
179 1893 318 1952 secunda
342 1895 437 1955 incisa
460 1896 550 1955 fuerit
575 1897 606 1955 in
633 1897 766 1956 eiusdem
792 1895 916 1974 zophori
940 1903 1025 1974 parte
1047 1896 1209 1974 superiore.
1252 1895 1333 1956 Nam
1354 1915 1453 1973 neque

123 1991 239 2052 videtur
265 1996 347 2054 alius
375 1996 459 2056 locus
485 1997 613 2056 inveniri
637 2015 742 2073 posse,
770 1997 823 2055 ubi
844 1995 992 2058 eiusmodi
1012 1997 1236 2074 inscriptionem
1256 1997 1350 2057 luisse
1370 2014 1451 2056 com·

123 2093 207 2152 mode
228 2104 359 2170 statuas,
384 2112 438 2156 nec
460 2096 602 2157 credibile
623 2107 670 2156 est
690 2097 963 2174 zophori-alicuius
984 2113 1051 2156 esse
1072 2096 1247 2174 inscriptam
1269 2107 1384 2174 partem
1406 2099 1452 2156 in·
1499 2120 1502 2127 ·

123 2193 271 2268 ieriorem,
298 2214 421 2256 vacuam
442 2197 578 2257 relictam
601 2198 795 2276 superiorem.
815 2187 817 2194 ¹
836 2195 950 2258 Aedem
971 2197 1062 2275 igitur
1082 2197 1167 2256 cuius
1189 2215 1269 2256 nnnc
1291 2205 1454 2275 supersunt

124 2304 181 2355 tres
203 2297 366 2358 columnae
388 2306 513 2376 apparet
533 2299 628 2358 visam
649 2316 718 2358 esse
739 2299 777 2357 ah
798 2296 1005 2358 Einsiedlensi
1026 2297 1071 2356 sic
1092 2297 1282 2375 inscriptamr

427 2433 504 2476 orvo
518 2445 526 2462 ·
541 2431 734 2478 νεεΡΑειΑΝο
749 2446 757 2462 ·
772 2426 922 2476 svcvsro
937 2444 945 2460 ·
961 2427 977 2474 s
992 2443 999 2460 ·
1015 2432 1031 2474 r
1046 2437 1053 2460 .
1071 2432 1116 2489 Q·
1131 2433 1150 2474 u

192 2531 264 2575 rure
281 2544 290 2562 ·
306 2531 420 2578 caess·
437 2533 568 2578 severus
581 2547 590 2564 ·
606 2535 661 2578 sn·
676 2530 865 2579 suroutuvs
880 2545 888 2562 ·
903 2530 940 2574 en
955 2545 963 2562 ·
978 2531 1060 2576 sente
1075 2545 1082 2560 ·
1097 2529 1175 2587 svor
1190 2543 1197 2560 ·
1214 2399 1382 2618 drsrrrvsu

124 2631 169 2692 lta
189 2615 313 2696 videtur
337 2611 560 2712 comprobatum
586 2653 654 2698 esse
675 2635 770 2696 luisse
791 2637 868 2695 hanc
889 2633 994 2695 aedem
1008 2629 1198 2712 Vespasiani.
1242 2631 1331 2708 Quod
1353 2634 1380 2694 si
1401 2651 1450 2694 ve·
1494 2711 1497 2716 Ι

124 2753 184 2794 rum
206 2743 255 2797 est
278 2735 371 2797 simul
391 2737 582 2816 exploratum
603 2747 651 2798 est
671 2737 794 2798 alteram
816 2745 883 2796 octo
904 2731 1110 2796 columnarum
1131 2733 1225 2796 luisse
1246 2732 1378 2797 Saturni.

686 2926 890 2938 -n—a-——b—

773 3085 802 3144 2.

202 3202 358 3264 Grimaldi
382 3204 414 3262 iu
435 3203 537 3264 codice
551 3204 699 3264 Vaticano
715 3202 795 3264 6438
817 3223 847 3280 p.
863 3202 944 3264 4013
969 3203 1044 3262 haec
1066 3183 1183 3262 scribit:
1214 3197 1318 3271 Quoto
1339 3217 1390 3258 oro
1410 3219 1449 3260 aa

123 3320 195 3378 pron
211 3325 302 3382 penzo
325 3309 355 3364 di
374 3325 482 3364 mortno
505 3324 558 3366 coo
579 3307 674 3364 letters
695 3307 782 3381 quasi
803 3303 936 3375 erudituli,
965 3312 1066 3364 meato
1094 3300 1191 3361 l’anoo
1209 3299 1289 3360 1612
1309 3301 1356 3358 uel
1375 3305 1449 3393 ratae

125 3406 153 3464 dt
172 3406 277 3466 Marso
298 3407 377 3466 aella
398 3407 494 3482 chicce
514 3408 546 3465 di
567 3406 660 3466 Sento
681 3405 784 3464 Morio
804 3423 879 3464 oceo
907 3403 967 3479 [est
987 3403 1078 3463 aedes
1101 3401 1139 3461 ad
1160 3402 1257 3460 iorum
1278 3400 1448 3459 Romanum

125 3505 188 3578 sita,
208 3527 289 3586 quae
309 3528 387 3568 nunc
401 3508 491 3584 vulgo
514 3508 622 3566 dicitur
637 3504 668 3568 S.
682 3505 861 3566 Franciscoe
875 3503 1041 3578 Romanae]
1065 3503 1259 3578 diesacnrdoct
1280 3499 1448 3576 leccppctle

60 3615 63 3622 '
121 3625 172 3680 per
190 3609 298 3685 myorte
317 3614 348 3669 in
368 3611 483 3686 miplior
496 3611 607 3686 forma,
630 3615 656 3666 et
669 3607 709 3684 fit
729 3615 838 3666 trovato
859 3605 929 3664 nelli
941 3605 1123 3680 fondamento·
1144 3604 1176 3661 di
1196 3603 1269 3660 detto
1284 3599 1447 3675 cappellae

124 3727 202 3768 mono
229 3712 334 3770 diritto
359 3712 512 3784 conando,
537 3709 629 3768 doado
654 3711 680 3767 ei
702 3710 762 3784 poc
788 3709 976 3766 conlaborato
1000 3703 1051 3764 cli
1078 3705 1198 3763 cervisae
1219 3712 1245 3762 ct
1259 3703 1344 3780 succe
1358 3701 1447 3775 frop·

124 3823 208 3871 mento
229 3815 262 3872 dc'
275 3831 322 3872 on
342 3813 504 3872 orchitraoe
526 3811 572 3870 del
589 3811 702 3886 portico
723 3806 770 3866 del
791 3810 891 3883 tempto
913 3805 991 3865 dello
1011 3804 1104 3864 Pace:
1117 3803 1173 3906 ¹).

401 3927 403 3934 ’
653 3927 864 3986 senatum!
877 3925 887 3984 i

653 4036 916 4086 ?·xvltt·l·t·cstl

651 4178 766 4222 EVERVS
781 4191 788 4207 ·
804 4177 841 4220 ΕΤ
853 4190 861 4206 ·
873 4178 916 4219 ΑΝ

125 4273 265 4346 Eiusdem
291 4285 423 4364 epistylii
445 4285 562 4344 videtur
588 4282 682 4342 fuisse
708 4299 778 4359 pars
806 4279 844 4339 de
871 4297 933 4357 qna
957 4279 1041 4338 solua
1067 4283 1192 4337 testatur
1212 4271 1388 4333 Marlianius
1413 4270 1446 4330 in

125 4386 336 4466 topographiae
357 4385 440 4446 urhis
454 4387 570 4446 Romae
591 4383 722 4443 editione
742 4382 823 4441 facta
843 4398 872 4440 a.
887 4379 968 4440 1534
988 4379 1104 4438 Romae
1125 4395 1179 4453 per
1192 4374 1359 4433 Antonium
1374 4370 1443 4430 Bla-

125 4485 192 4546 dum
211 4489 264 4548 lib.
279 4487 312 4546 ll
332 4506 398 4564 cap.
413 4486 459 4546 IV
480 4487 528 4547 his
551 4485 665 4546 verbis:
690 4480 785 4543 ‘Hanc
808 4481 912 4541 aedem
934 4477 1056 4540 Saturni
1076 4477 1204 4536 dicimus
1224 4473 1354 4551 positam
1376 4489 1446 4532 esse

123 4581 165 4646 ‘eo
190 4589 221 4646 in
246 4590 330 4662 loco,
357 4589 408 4648 ubi
433 4588 537 4667 paucis
564 4595 634 4648 ante
658 4583 745 4646 annis
773 4581 964 4670 iuerattcum
985 4578 1060 4638 turri
1082 4575 1225 4638 sacellum
1247 4579 1444 4651 cognomento

123 4683 161 4748 ²8.
176 4687 340 4751 Salvatoris
361 4690 394 4756 in
415 4690 554 4762 Aerario,
574 4689 749 4750 incumbens
771 4683 913 4764 hospitali
935 4681 967 4742 S.
982 4679 1095 4739 Mariae
1115 4678 1148 4736 in
1168 4675 1300 4735 Porticu.
1336 4672 1444 4732 Turris

125 4807 324 4820 ψ

201 4881 226 4945 ¹)
253 4882 372 4934 Eandem
390 4881 584 4947 inscriptionem
603 4879 727 4930 exhibent
743 4879 782 4928 tt.
801 4875 918 4928 Milesius
936 4874 964 4923 in
983 4871 1072 4924 codice
1089 4865 1249 4920 Ferrariensi
1268 4867 1293 4928 1,
1308 4864 1375 4925 344,
1400 4863 1444 4929 qui

127 4971 186 5022 dicit
202 4988 256 5025 esse
274 4973 365 5026 litteris
384 4971 524 5024 maioribus
542 4975 671 5036 repertam
688 4971 717 5021 ln
736 4967 844 5020 ecclesio
861 4967 889 5020 S.
902 4963 1003 5016 Mariae
1014 4962 1106 5014 Novae
1123 4973 1204 5026 prope
1222 4956 1346 5022 templum
1357 4954 1443 5015 Pacis,

127 5069 151 5113 et
166 5065 273 5116 schedae
284 5065 367 5118 Donii
383 5065 411 5116 in
424 5063 514 5115 codice
525 5062 711 5115 ldarucelliano
730 5059 757 5112 Δ
772 5054 824 5110 293
843 5072 869 5123 p.
885 5056 937 5107 213
957 5055 1000 5121 qui
1018 5052 1082 5103 dicit
1094 5065 1149 5102 esse
1161 5048 1316 5114 descriptam
1335 5061 1359 5097 a.
1371 5045 1442 5096 1613

127 5153 153 5204 in
169 5157 258 5207 veteris
282 5156 393 5223 epistylii
414 5156 558 5220 fragmento
580 5160 639 5206 ante
657 5151 780 5218 templum
798 5149 874 5202 Pacis
893 5148 999 5200 iacente.
1035 5143 1164 5209 Exempla
1181 5139 1296 5210 paullum
1313 5136 1441 5197 differunt,

128 5243 221 5299 inni
240 5257 355 5300 oxmemo
373 5247 475 5300 Donius
493 5252 561 5299 recte
579 5251 608 5297 ut
626 5244 719 5311 opinor
736 5242 815 5295 habet
832 5229 894 5290 ΝΙε.
1086 5227 1089 5235 '
