3654 6072
778 1803 1236 1916 ADDITAMENTA

659 2004 735 2086 AD
765 2003 972 2088 FASTOS
1003 2003 1349 2088 CONSVLARES

859 2155 940 2232 (ip.
955 2155 1146 2232 413-552).
1219 2181 1225 2186 -

421 2666 469 2723 Ad
491 2685 519 2742 p.
536 2665 606 2724 433.
642 2665 679 2724 In
700 2665 787 2724 fastis
803 2663 982 2741 Capitolinis
1004 2685 1071 2724 oum
1094 2666 1226 2725 omnium
1248 2664 1337 2725 etiam
1358 2665 1547 2725 minimarum
1563 2685 1664 2726 rerum

338 2765 414 2825 ratio
435 2765 574 2824 habenda
594 2765 643 2840 sit,
665 2784 725 2824 nou
747 2767 1007 2844 supersedebimus
1029 2766 1171 2826 adnotare
1192 2785 1340 2826 annorum
1357 2767 1521 2828 453-455
1544 2768 1665 2826 restitu-

338 2865 464 2940 tionem,
491 2885 569 2942 quae
590 2867 813 2926 commendatur
833 2869 850 2927 Ι
871 2889 900 2945 p.
917 2867 994 2941 566,
1021 2869 1110 2928 etiam
1132 2887 1167 2929 eo
1189 2868 1374 2941 confirmari,
1396 2869 1476 2945 quod
1497 2869 1665 2946 fragmento

338 2986 385 3040 eo,
406 2986 466 3044 quo
488 2967 678 3027 eontinentur
699 2968 773 3028 fines
789 2969 1005 3029 versiculorum
1026 2990 1054 3029 a.
1069 2969 1244 3042 455-461,
1266 2969 1364 3028 denuo
1379 2970 1514 3051 inspecto
1528 2969 1666 3030 constitit

338 3069 455 3128 unitum
479 3077 593 3128 tantum
615 3087 735 3128 versum
757 3070 904 3130 excidisse
924 3071 1002 3130 inter
1022 3091 1091 3130 eum
1113 3071 1166 3147 qui
1187 3071 1253 3131 finit
1272 3071 1304 3130 iu
1325 3077 1361 3130 vi
1381 3090 1506 3148 eumque
1527 3071 1581 3148 qui
1602 3073 1666 3131 exit

336 3169 369 3228 in
391 3185 414 3242 1,
441 3178 474 3228 ut
500 3169 623 3228 nomina
647 3189 805 3231 censorum
833 3191 852 3229 a
877 3173 964 3232 nobis
991 3173 1012 3231 l.
1038 3191 1064 3231 o.
1091 3173 1187 3231 relata
1213 3172 1251 3230 ad
1276 3190 1304 3230 a.
1320 3172 1382 3232 454
1409 3190 1506 3232 annus
1520 3172 1597 3244 455,
1626 3171 1665 3230 ad
1744 3251 1748 3260 Ι

338 3289 426 3348 quem
448 3269 536 3348 vulgo
558 3269 774 3344 adscribuntur,
796 3273 880 3331 nullo
901 3273 991 3332 modo
1012 3273 1146 3351 recipiat.

419 3370 471 3428 Ad
491 3390 521 3448 p.
537 3371 607 3432 465.
649 3372 865 3451 Fragmentum
891 3375 1017 3434 relatum
1044 3375 1100 3434 sub
1125 3393 1154 3432 n.
1177 3374 1194 3432 Ι
1220 3375 1373 3450 pertinens
1400 3373 1439 3434 ad
1465 3394 1493 3434 a.
1514 3394 1543 3434 u.
1559 3393 1586 3434 o.
1602 3375 1663 3434 335

335 3479 443 3550 postea
455 3473 641 3550 repperimus
656 3474 687 3532 in
701 3475 804 3533 codice
815 3473 1011 3534 Visoontiano
1029 3475 1228 3535 bibliothecae
1241 3475 1399 3534 Parisinae
1413 3475 1541 3552 (visai
1557 3476 1579 3534 f.
1594 3475 1680 3536 128.-

339 3571 413 3650 130)
435 3593 501 3634 oum
522 3575 758 3652 praescriptione
779 3577 848 3634 hao:
863 3579 1037 3652 frammeato
1060 3576 1137 3635 aeliu
1157 3580 1245 3653 rigna
1259 3576 1370 3637 Strozri
1385 3595 1440 3654 per
1455 3577 1486 3636 la
1499 3581 1549 3644 aiu
1561 3574 1663 3654 Appia

336 3675 368 3732 ul
388 3686 469 3735 terro
486 3675 584 3752 miplto
605 3677 642 3734 10
665 3663 721 3736 O'tt.
739 3676 828 3736 1796.
871 3677 960 3754 Legit
979 3677 1155 3738 viscontius
1176 3697 1205 3736 v.
1224 3679 1238 3736 1
1262 3678 1313 3736 fiu.
1336 3693 1366 3737 rr
1381 3707 1389 3723 ·
1404 3691 1420 3737 r
1435 3707 1442 3722 ·
1458 3692 1496 3738 c.
1509 3719 1518 3736 .

336 3977 519 4054 Fragmenta
544 3979 603 4037 tria
627 3979 809 4053 tabularum,
835 3979 997 4057 inquibus
1019 3981 1111 4040 feriae
1131 3981 1258 4041 Latinae
1279 3981 1521 4054 continebantur,
1546 3999 1610 4058 rep.
1631 3983 1664 4041 in

376 4087 479 4138 monte
499 4079 620 4139 Albano
642 4080 747 4156 (monte
769 4080 853 4174 Cari)
880 4082 966 4140 anuis
984 4083 1203 4143 1868-1870.
1247 4081 1418 4143 Secundum
1444 4083 1589 4160 seriptum
1617 4091 1665 4142 est

376 4181 483 4240 litteris
505 4181 671 4242 minoribus
693 4191 723 4241 et
743 4183 839 4261 magis
860 4183 967 4242 artatis
988 4201 1077 4260 quam
1098 4184 1216 4262 reliqua
1236 4183 1305 4242 duo.

987 4331 1065 4430 1..

487 4517 524 4559 up.
545 4506 632 4550 clarata
652 4516 681 4548 m.
702 4507 797 4551 curretis
817 4509 832 4549 t
852 4509 926 4559 urata
944 4509 958 4550 t
978 4508 1073 4550 murto
1093 4513 1107 4550 t.
1128 4509 1218 4550 msto
1238 4519 1258 4561 g.
1276 4509 1370 4561 metato
1556 4511 1584 4551 a.
1600 4491 1661 4552 304

487 4618 520 4660 sp.
555 4608 621 4660 oppio
657 4619 677 4661 q.
705 4607 770 4658 sotto
801 4607 821 4650 t.
853 4609 921 4650 Meto
955 4610 990 4651 ια’.
1025 4609 1122 4652 roboreto
1157 4609 1225 4652 αἰνὴ
1261 4609 1386 4652 commi
1409 4607 1458 4652 POt

697 4685 702 4694 ’
1058 4709 1104 4761 af
1110 4739 1221 4752 .......

487 4819 515 4849 m.
536 4807 620 4850 aaran
641 4808 705 4860 ns.
727 4813 740 4852 ι
761 4820 782 4851 s.
803 4810 894 4853 barma
914 4811 1024 4854 rorare
1045 4809 1209 4852 r·s·r·u
1222 4823 1229 4840 ·
1242 4809 1355 4854 rvnro
1371 4807 1432 4854 cos
1557 4815 1583 4856 a.
1600 4797 1661 4856 305

965 4912 1014 4962 ts.
1036 4911 1253 4954 tubum-IAN

948 5011 1385 5056 sen-t·s·111·rs0ts·ssrs

905 5086 907 5090 ¹
972 5113 1263 5157 mr.u·s·r·ruau

487 5212 542 5252 turta
567 5211 672 5272 terminio
696 5242 719 5254 ..
740 5213 761 5264 s.
787 5243 810 5256 ..
835 5225 857 5257 a.
879 5215 976 5268 arumna
996 5220 1011 5258 t.
1031 5215 1141 5269 sergiNlo
1163 5215 1220 5268 ..J.
1242 5245 1265 5258 ..
1285 5227 1307 5259 sa
1328 5215 1416 5260 rrkarto
1437 5226 1480 5261 aas.
1554 5219 1581 5260 ὃ.
1599 5202 1659 5262 306
