<?xml version="1.0" encoding="UTF-8"?>
<!DOCTYPE html PUBLIC "-//W3C//DTD XHTML 1.0 Transitional//EN"
    "http://www.w3.org/TR/xhtml1/DTD/xhtml1-transitional.dtd">
<html xmlns="http://www.w3.org/1999/xhtml" xml:lang="en" lang="en">
 <head>
  <title>
</title>
<meta http-equiv="Content-Type" content="text/html;charset=utf-8" />
  <meta name='ocr-system' content='tesseract 3.04.00' />
  <meta name='ocr-capabilities' content='ocr_page ocr_carea ocr_par ocr_line ocrx_word'/>
</head>
<body>
  <div class='ocr_page' id='page_1' title='image "./ephemerisepigra12instgoog_0280.png"; bbox 0 0 3620 6080; ppageno 0'>
   <div class='ocr_carea' id='block_1_1' title="bbox 708 649 936 704">
    <p class='ocr_par' dir='ltr' id='par_1_1' title="bbox 708 649 936 704">
     <span class='ocr_line' id='line_1_1' title="bbox 708 649 936 704; baseline 0 -2"><span class='ocrx_word' id='word_1_1' title='bbox 708 649 936 704; x_wconf 80' lang='lat' dir='ltr'>FELICIANVS.</span> 
     </span>
    </p>
   </div>
   <div class='ocr_carea' id='block_1_2' title="bbox 403 821 1214 1507">
    <p class='ocr_par' dir='ltr' id='par_1_2' title="bbox 405 821 1205 1102">
     <span class='ocr_line' id='line_1_2' title="bbox 559 821 1069 898; baseline 0 -19"><span class='ocrx_word' id='word_1_2' title='bbox 559 821 647 880; x_wconf 83' lang='lat' dir='ltr'>Pauli</span> <span class='ocrx_word' id='word_1_3' title='bbox 667 821 802 898; x_wconf 88' lang='lat' dir='ltr'>Ramusij</span> <span class='ocrx_word' id='word_1_4' title='bbox 825 821 1069 898; x_wconf 79' lang='lat' dir='ltr'>Ariminensis1).</span> 
     </span>
     <span class='ocr_line' id='line_1_3' title="bbox 405 920 1205 1001; baseline 0 -19"><span class='ocrx_word' id='word_1_5' title='bbox 405 920 551 982; x_wconf 86' lang='lat' dir='ltr'>Scribitur</span> <span class='ocrx_word' id='word_1_6' title='bbox 572 924 701 999; x_wconf 79' lang='lat' dir='ltr'><strong>antiquis</strong></span> <span class='ocrx_word' id='word_1_7' title='bbox 722 933 755 982; x_wconf 95' lang='lat' dir='ltr'>ut</span> <span class='ocrx_word' id='word_1_8' title='bbox 775 924 886 1000; x_wconf 82' lang='lat' dir='ltr'>pagina</span> <span class='ocrx_word' id='word_1_9' title='bbox 907 923 1070 999; x_wconf 88' lang='lat' dir='ltr'>qu[a]eque</span> <span class='ocrx_word' id='word_1_10' title='bbox 1090 924 1205 1001; x_wconf 85' lang='lat' dir='ltr'>figuris,</span> 
     </span>
     <span class='ocr_line' id='line_1_4' title="bbox 445 1023 1085 1102; baseline 0 -20"><span class='ocrx_word' id='word_1_11' title='bbox 445 1023 512 1083; x_wconf 90' lang='lat' dir='ltr'>Hoc</span> <span class='ocrx_word' id='word_1_12' title='bbox 533 1023 730 1100; x_wconf 62' lang='lat' dir='ltr'>Augustinil)</span> <span class='ocrx_word' id='word_1_13' title='bbox 752 1025 852 1084; x_wconf 85' lang='lat' dir='ltr'>nobile</span> <span class='ocrx_word' id='word_1_14' title='bbox 872 1026 978 1100; x_wconf 83' lang='lat' dir='ltr'>pandit</span> <span class='ocrx_word' id='word_1_15' title='bbox 998 1043 1085 1102; x_wconf 91' lang='lat' dir='ltr'>opus.</span> 
     </span>
    </p>

    <p class='ocr_par' dir='ltr' id='par_1_3' title="bbox 403 1125 1214 1405">
     <span class='ocr_line' id='line_1_5' title="bbox 403 1125 1186 1202; baseline 0 -18"><span class='ocrx_word' id='word_1_16' title='bbox 403 1125 494 1184; x_wconf 91' lang='lat' dir='ltr'>Hunc</span> <span class='ocrx_word' id='word_1_17' title='bbox 512 1125 602 1202; x_wconf 87' lang='lat' dir='ltr'>igitur</span> <span class='ocrx_word' id='word_1_18' title='bbox 623 1127 715 1184; x_wconf 86' lang='lat' dir='ltr'>tacita</span> <span class='ocrx_word' id='word_1_19' title='bbox 734 1131 836 1184; x_wconf 87' lang='lat' dir='ltr'>teneat</span> <span class='ocrx_word' id='word_1_20' title='bbox 857 1127 912 1184; x_wconf 91' lang='lat' dir='ltr'>sub</span> <span class='ocrx_word' id='word_1_21' title='bbox 934 1133 1033 1184; x_wconf 90' lang='lat' dir='ltr'>mente</span> <span class='ocrx_word' id='word_1_22' title='bbox 1053 1126 1186 1184; x_wconf 91' lang='lat' dir='ltr'>libellum</span> 
     </span>
     <span class='ocr_line' id='line_1_6' title="bbox 447 1223 1145 1303; baseline 0 -20"><span class='ocrx_word' id='word_1_23' title='bbox 447 1223 593 1302; x_wconf 80' lang='lat' dir='ltr'>Quisquis</span> <span class='ocrx_word' id='word_1_24' title='bbox 615 1227 781 1286; x_wconf 89' lang='lat' dir='ltr'>Romuleas</span> <span class='ocrx_word' id='word_1_25' title='bbox 803 1235 887 1303; x_wconf 88' lang='lat' dir='ltr'>optat</span> <span class='ocrx_word' id='word_1_26' title='bbox 907 1227 1018 1285; x_wconf 87' lang='lat' dir='ltr'>habere</span> <span class='ocrx_word' id='word_1_27' title='bbox 1040 1235 1145 1285; x_wconf 86' lang='lat' dir='ltr'>notas:</span> 
     </span>
     <span class='ocr_line' id='line_1_7' title="bbox 405 1323 1214 1405; baseline 0 -19"><span class='ocrx_word' id='word_1_28' title='bbox 405 1323 456 1387; x_wconf 89' lang='lat' dir='ltr'>Sic</span> <span class='ocrx_word' id='word_1_29' title='bbox 476 1345 571 1404; x_wconf 91' lang='lat' dir='ltr'>uagus</span> <span class='ocrx_word' id='word_1_30' title='bbox 593 1327 746 1386; x_wconf 80' lang='lat' dir='ltr'>Ausonias</span> <span class='ocrx_word' id='word_1_31' title='bbox 768 1329 879 1404; x_wconf 89' lang='lat' dir='ltr'>poterit</span> <span class='ocrx_word' id='word_1_32' title='bbox 899 1329 1028 1386; x_wconf 89' lang='lat' dir='ltr'>transire</span> <span class='ocrx_word' id='word_1_33' title='bbox 1050 1347 1104 1405; x_wconf 88' lang='lat' dir='ltr'>per</span> <span class='ocrx_word' id='word_1_34' title='bbox 1125 1327 1214 1386; x_wconf 89' lang='lat' dir='ltr'>urbes</span> 
     </span>
    </p>

    <p class='ocr_par' dir='ltr' id='par_1_4' title="bbox 446 1427 1069 1507">
     <span class='ocr_line' id='line_1_8' title="bbox 446 1427 1069 1507; baseline 0 -21"><span class='ocrx_word' id='word_1_35' title='bbox 446 1427 543 1488; x_wconf 85' lang='lat' dir='ltr'>Tutus</span> <span class='ocrx_word' id='word_1_36' title='bbox 564 1435 594 1488; x_wconf 92' lang='lat' dir='ltr'>et</span> <span class='ocrx_word' id='word_1_37' title='bbox 615 1429 751 1507; x_wconf 84' lang='lat' dir='ltr'>ingentes</span> <span class='ocrx_word' id='word_1_38' title='bbox 775 1446 917 1505; x_wconf 88' lang='lat' dir='ltr'>spernere</span> <span class='ocrx_word' id='word_1_39' title='bbox 938 1429 1069 1488; x_wconf 89' lang='lat' dir='ltr'>diuitias.</span> 
     </span>
    </p>
   </div>
   <div class='ocr_carea' id='block_1_3' title="bbox 632 1582 1011 1760">
    <p class='ocr_par' dir='ltr' id='par_1_5' title="bbox 632 1582 1011 1760">
     <span class='ocr_line' id='line_1_9' title="bbox 632 1582 1011 1658; baseline -0.003 -17"><span class='ocrx_word' id='word_1_40' title='bbox 632 1582 768 1658; x_wconf 89' lang='lat' dir='ltr'>Venetijs</span> <span class='ocrx_word' id='word_1_41' title='bbox 791 1582 1011 1642; x_wconf 84' lang='lat' dir='ltr'>McccoLxxxr</span> 
     </span>
     <span class='ocr_line' id='line_1_10' title="bbox 737 1683 911 1760; baseline -0.006 -17"><span class='ocrx_word' id='word_1_42' title='bbox 737 1683 809 1743; x_wconf 86' lang='lat' dir='ltr'>XV.</span> <span class='ocrx_word' id='word_1_43' title='bbox 831 1684 911 1760; x_wconf 87' lang='lat' dir='ltr'>Iulij.</span> 
     </span>
    </p>
   </div>
   <div class='ocr_carea' id='block_1_4' title="bbox 241 2003 1594 2088">
    <p class='ocr_par' dir='ltr' id='par_1_6' title="bbox 241 2003 1594 2088">
     <span class='ocr_line' id='line_1_11' title="bbox 241 2003 1594 2088; baseline 0.002 -24"><span class='ocrx_word' id='word_1_44' title='bbox 241 2004 342 2066; x_wconf 85' lang='lat' dir='ltr'>Lucae</span> <span class='ocrx_word' id='word_1_45' title='bbox 362 2006 501 2066; x_wconf 88' lang='lat' dir='ltr'>Paciuoli</span> <span class='ocrx_word' id='word_1_46' title='bbox 523 2006 615 2065; x_wconf 84' lang='lat' dir='ltr'>rerba</span> <span class='ocrx_word' id='word_1_47' title='bbox 640 2006 692 2082; x_wconf 94' lang='lat' dir='ltr'>qui</span> <span class='ocrx_word' id='word_1_48' title='bbox 720 2023 786 2064; x_wconf 90' lang='lat' dir='ltr'>cum</span> <span class='ocrx_word' id='word_1_49' title='bbox 812 2006 851 2064; x_wconf 91' lang='lat' dir='ltr'>iis</span> <span class='ocrx_word' id='word_1_50' title='bbox 880 2024 956 2082; x_wconf 90' lang='lat' dir='ltr'>quae</span> <span class='ocrx_word' id='word_1_51' title='bbox 978 2004 1152 2064; x_wconf 82' lang='lat' dir='ltr'>Felicianus</span> <span class='ocrx_word' id='word_1_52' title='bbox 1180 2003 1334 2079; x_wconf 85' lang='lat' dir='ltr'>disseruit,</span> <span class='ocrx_word' id='word_1_53' title='bbox 1363 2008 1488 2081; x_wconf 82' lang='lat' dir='ltr'>confert,</span> <span class='ocrx_word' id='word_1_54' title='bbox 1566 2051 1594 2088; x_wconf 33' lang='grc' dir='ltr'>χ</span> 
     </span>
    </p>
   </div>
   <div class='ocr_carea' id='block_1_5' title="bbox 156 2105 1490 2790">
    <p class='ocr_par' dir='ltr' id='par_1_7' title="bbox 156 2105 1490 2790">
     <span class='ocr_line' id='line_1_12' title="bbox 158 2105 1489 2185; baseline 0.002 -19"><span class='ocrx_word' id='word_1_55' title='bbox 158 2107 248 2166; x_wconf 89' lang='lat' dir='ltr'>facile</span> <span class='ocrx_word' id='word_1_56' title='bbox 270 2109 378 2184; x_wconf 91' lang='lat' dir='ltr'>opinor</span> <span class='ocrx_word' id='word_1_57' title='bbox 399 2108 457 2166; x_wconf 87' lang='lat' dir='ltr'>sibi</span> <span class='ocrx_word' id='word_1_58' title='bbox 478 2107 684 2184; x_wconf 88' lang='lat' dir='ltr'>persuadebit,</span> <span class='ocrx_word' id='word_1_59' title='bbox 713 2107 787 2166; x_wconf 88' lang='lat' dir='ltr'>haec</span> <span class='ocrx_word' id='word_1_60' title='bbox 808 2105 955 2166; x_wconf 83' lang='lat' dir='ltr'>Paciuolo</span> <span class='ocrx_word' id='word_1_61' title='bbox 976 2124 1037 2165; x_wconf 88' lang='lat' dir='ltr'>non</span> <span class='ocrx_word' id='word_1_62' title='bbox 1058 2106 1163 2185; x_wconf 91' lang='lat' dir='ltr'>ignota</span> <span class='ocrx_word' id='word_1_63' title='bbox 1183 2105 1288 2167; x_wconf 87' lang='lat' dir='ltr'>fuisse.</span> <span class='ocrx_word' id='word_1_64' title='bbox 1330 2106 1402 2168; x_wconf 88' lang='lat' dir='ltr'>Non</span> <span class='ocrx_word' id='word_1_65' title='bbox 1423 2109 1489 2169; x_wconf 92' lang='lat' dir='ltr'>dico</span> 
     </span>
     <span class='ocr_line' id='line_1_13' title="bbox 159 2208 1490 2286; baseline 0 -18"><span class='ocrx_word' id='word_1_66' title='bbox 159 2209 308 2268; x_wconf 84' lang='lat' dir='ltr'>celebrem</span> <span class='ocrx_word' id='word_1_67' title='bbox 333 2215 505 2286; x_wconf 84' lang='lat' dir='ltr'>geometren</span> <span class='ocrx_word' id='word_1_68' title='bbox 534 2208 610 2267; x_wconf 92' lang='lat' dir='ltr'>nihil</span> <span class='ocrx_word' id='word_1_69' title='bbox 642 2209 679 2266; x_wconf 89' lang='lat' dir='ltr'>de</span> <span class='ocrx_word' id='word_1_70' title='bbox 706 2226 761 2267; x_wconf 91' lang='lat' dir='ltr'>suo</span> <span class='ocrx_word' id='word_1_71' title='bbox 786 2208 936 2285; x_wconf 82' lang='lat' dir='ltr'>proferre3</span> <span class='ocrx_word' id='word_1_72' title='bbox 968 2208 1060 2266; x_wconf 90' lang='lat' dir='ltr'>immo</span> <span class='ocrx_word' id='word_1_73' title='bbox 1087 2208 1297 2284; x_wconf 85' lang='lat' dir='ltr'>proportiones</span> <span class='ocrx_word' id='word_1_74' title='bbox 1322 2209 1490 2269; x_wconf 87' lang='lat' dir='ltr'>litterarum</span> 
     </span>
     <span class='ocr_line' id='line_1_14' title="bbox 158 2309 1487 2392; baseline 0.003 -25"><span class='ocrx_word' id='word_1_75' title='bbox 158 2309 197 2368; x_wconf 85' lang='lat' dir='ltr'>ad</span> <span class='ocrx_word' id='word_1_76' title='bbox 223 2310 315 2368; x_wconf 91' lang='lat' dir='ltr'>alium</span> <span class='ocrx_word' id='word_1_77' title='bbox 336 2310 490 2392; x_wconf 84' lang='lat' dir='ltr'>modulum</span> <span class='ocrx_word' id='word_1_78' title='bbox 512 2319 602 2386; x_wconf 88' lang='lat' dir='ltr'>atque</span> <span class='ocrx_word' id='word_1_79' title='bbox 623 2309 796 2368; x_wconf 86' lang='lat' dir='ltr'>Felicianus</span> <span class='ocrx_word' id='word_1_80' title='bbox 819 2309 979 2385; x_wconf 85' lang='lat' dir='ltr'>expressit,</span> <span class='ocrx_word' id='word_1_81' title='bbox 1006 2309 1162 2368; x_wconf 86' lang='lat' dir='ltr'>liberiores</span> <span class='ocrx_word' id='word_1_82' title='bbox 1184 2309 1352 2368; x_wconf 88' lang='lat' dir='ltr'>litterarum</span> <span class='ocrx_word' id='word_1_83' title='bbox 1373 2319 1487 2372; x_wconf 90' lang='lat' dir='ltr'>tractus</span> 
     </span>
     <span class='ocr_line' id='line_1_15' title="bbox 158 2410 1487 2489; baseline 0.003 -21"><span class='ocrx_word' id='word_1_84' title='bbox 158 2411 196 2468; x_wconf 87' lang='lat' dir='ltr'>ad</span> <span class='ocrx_word' id='word_1_85' title='bbox 227 2411 424 2489; x_wconf 86' lang='lat' dir='ltr'>geometricas</span> <span class='ocrx_word' id='word_1_86' title='bbox 456 2411 587 2470; x_wconf 83' lang='lat' dir='ltr'>rationes</span> <span class='ocrx_word' id='word_1_87' title='bbox 619 2429 760 2470; x_wconf 89' lang='lat' dir='ltr'>revocare</span> <span class='ocrx_word' id='word_1_88' title='bbox 792 2411 921 2482; x_wconf 89' lang='lat' dir='ltr'>studuit,</span> <span class='ocrx_word' id='word_1_89' title='bbox 958 2410 1170 2470; x_wconf 89' lang='lat' dir='ltr'>nonnullarum</span> <span class='ocrx_word' id='word_1_90' title='bbox 1198 2411 1364 2470; x_wconf 84' lang='lat' dir='ltr'>litterarum</span> <span class='ocrx_word' id='word_1_91' title='bbox 1397 2413 1487 2472; x_wconf 88' lang='lat' dir='ltr'>etiam</span> 
     </span>
     <span class='ocr_line' id='line_1_16' title="bbox 156 2509 1489 2588; baseline 0.003 -20"><span class='ocrx_word' id='word_1_92' title='bbox 156 2511 285 2570; x_wconf 89' lang='lat' dir='ltr'>formam</span> <span class='ocrx_word' id='word_1_93' title='bbox 306 2512 482 2572; x_wconf 86' lang='lat' dir='ltr'>emendavit.</span> <span class='ocrx_word' id='word_1_94' title='bbox 526 2509 587 2572; x_wconf 87' lang='lat' dir='ltr'>Sed</span> <span class='ocrx_word' id='word_1_95' title='bbox 608 2531 685 2588; x_wconf 91' lang='lat' dir='ltr'>quae</span> <span class='ocrx_word' id='word_1_96' title='bbox 707 2512 744 2570; x_wconf 92' lang='lat' dir='ltr'>de</span> <span class='ocrx_word' id='word_1_97' title='bbox 765 2512 872 2570; x_wconf 90' lang='lat' dir='ltr'>litteris</span> <span class='ocrx_word' id='word_1_98' title='bbox 894 2529 971 2586; x_wconf 89' lang='lat' dir='ltr'>quae</span> <span class='ocrx_word' id='word_1_99' title='bbox 993 2520 1064 2570; x_wconf 87' lang='lat' dir='ltr'>sunt</span> <span class='ocrx_word' id='word_1_100' title='bbox 1084 2512 1114 2569; x_wconf 88' lang='lat' dir='ltr'><strong>A</strong></span> <span class='ocrx_word' id='word_1_101' title='bbox 1131 2512 1156 2570; x_wconf 92' lang='lat' dir='ltr'><strong>B</strong></span> <span class='ocrx_word' id='word_1_102' title='bbox 1175 2509 1244 2570; x_wconf 88' lang='lat' dir='ltr'>CD</span> <span class='ocrx_word' id='word_1_103' title='bbox 1262 2512 1287 2569; x_wconf 82' lang='lat' dir='ltr'>F</span> <span class='ocrx_word' id='word_1_104' title='bbox 1305 2511 1335 2572; x_wconf 79' lang='lat' dir='ltr'>G</span> <span class='ocrx_word' id='word_1_105' title='bbox 1348 2511 1379 2569; x_wconf 90' lang='lat' dir='ltr'>H</span> <span class='ocrx_word' id='word_1_106' title='bbox 1401 2514 1489 2586; x_wconf 86' lang='lat' dir='ltr'>dixit,</span> 
     </span>
     <span class='ocr_line' id='line_1_17' title="bbox 156 2611 1490 2690; baseline 0.001 -19"><span class='ocrx_word' id='word_1_107' title='bbox 156 2611 305 2671; x_wconf 85' lang='lat' dir='ltr'>Feliciani</span> <span class='ocrx_word' id='word_1_108' title='bbox 325 2613 492 2688; x_wconf 84' lang='lat' dir='ltr'>praeceptis</span> <span class='ocrx_word' id='word_1_109' title='bbox 515 2621 576 2672; x_wconf 90' lang='lat' dir='ltr'>tam</span> <span class='ocrx_word' id='word_1_110' title='bbox 598 2613 709 2672; x_wconf 88' lang='lat' dir='ltr'>similia</span> <span class='ocrx_word' id='word_1_111' title='bbox 730 2620 801 2673; x_wconf 91' lang='lat' dir='ltr'>sunt</span> <span class='ocrx_word' id='word_1_112' title='bbox 822 2622 854 2672; x_wconf 90' lang='lat' dir='ltr'>ut</span> <span class='ocrx_word' id='word_1_113' title='bbox 875 2631 1087 2688; x_wconf 88' lang='lat' dir='ltr'>nonnunquam</span> <span class='ocrx_word' id='word_1_114' title='bbox 1109 2613 1234 2671; x_wconf 88' lang='lat' dir='ltr'>verbum</span> <span class='ocrx_word' id='word_1_115' title='bbox 1256 2613 1347 2671; x_wconf 87' lang='lat' dir='ltr'>verbo</span> <span class='ocrx_word' id='word_1_116' title='bbox 1365 2631 1490 2690; x_wconf 88' lang='lat' dir='ltr'>respon·</span> 
     </span>
     <span class='ocr_line' id='line_1_18' title="bbox 157 2713 1488 2790; baseline 0.002 -18"><span class='ocrx_word' id='word_1_117' title='bbox 157 2713 235 2772; x_wconf 88' lang='lat' dir='ltr'>deat.</span> <span class='ocrx_word' id='word_1_118' title='bbox 274 2714 433 2772; x_wconf 86' lang='lat' dir='ltr'>Eiusmodi</span> <span class='ocrx_word' id='word_1_119' title='bbox 454 2731 618 2773; x_wconf 89' lang='lat' dir='ltr'>consensus</span> <span class='ocrx_word' id='word_1_120' title='bbox 640 2715 724 2772; x_wconf 90' lang='lat' dir='ltr'>casui</span> <span class='ocrx_word' id='word_1_121' title='bbox 745 2714 836 2772; x_wconf 91' lang='lat' dir='ltr'>tribui</span> <span class='ocrx_word' id='word_1_122' title='bbox 857 2715 971 2790; x_wconf 89' lang='lat' dir='ltr'>nequit,</span> <span class='ocrx_word' id='word_1_123' title='bbox 994 2713 1047 2772; x_wconf 89' lang='lat' dir='ltr'>sed</span> <span class='ocrx_word' id='word_1_124' title='bbox 1069 2713 1155 2772; x_wconf 90' lang='lat' dir='ltr'>docet</span> <span class='ocrx_word' id='word_1_125' title='bbox 1174 2713 1291 2772; x_wconf 83' lang='lat' dir='ltr'>Lucam</span> <span class='ocrx_word' id='word_1_126' title='bbox 1312 2713 1488 2774; x_wconf 89' lang='lat' dir='ltr'>Paciuolum</span> 
     </span>
    </p>
   </div>
   <div class='ocr_carea' id='block_1_6' title="bbox 60 2809 1491 2893">
    <p class='ocr_par' dir='ltr' id='par_1_8' title="bbox 60 2809 1491 2893">
     <span class='ocr_line' id='line_1_19' title="bbox 60 2809 1491 2893; baseline 0.003 -21"><span class='ocrx_word' id='word_1_127' title='bbox 60 2809 63 2814; x_wconf 78' lang='grc'>’</span> <span class='ocrx_word' id='word_1_128' title='bbox 157 2831 213 2889; x_wconf 90' lang='lat' dir='ltr'>pro</span> <span class='ocrx_word' id='word_1_129' title='bbox 234 2814 355 2873; x_wconf 90' lang='lat' dir='ltr'>illorum</span> <span class='ocrx_word' id='word_1_130' title='bbox 376 2824 542 2892; x_wconf 90' lang='lat' dir='ltr'>temporum</span> <span class='ocrx_word' id='word_1_131' title='bbox 564 2816 781 2875; x_wconf 87' lang='lat' dir='ltr'>consuetudine</span> <span class='ocrx_word' id='word_1_132' title='bbox 802 2833 929 2892; x_wconf 84' lang='lat' dir='ltr'>eaquae</span> <span class='ocrx_word' id='word_1_133' title='bbox 952 2815 989 2872; x_wconf 87' lang='lat' dir='ltr'>ab</span> <span class='ocrx_word' id='word_1_134' title='bbox 1011 2815 1071 2873; x_wconf 87' lang='lat' dir='ltr'>alio</span> <span class='ocrx_word' id='word_1_135' title='bbox 1092 2822 1173 2874; x_wconf 89' lang='lat' dir='ltr'>recte</span> <span class='ocrx_word' id='word_1_136' title='bbox 1194 2816 1365 2892; x_wconf 86' lang='lat' dir='ltr'>excogitata</span> <span class='ocrx_word' id='word_1_137' title='bbox 1383 2835 1491 2893; x_wconf 88' lang='lat' dir='ltr'>reppe-</span> 
     </span>
    </p>
   </div>
   <div class='ocr_carea' id='block_1_7' title="bbox 157 2915 1494 4611">
    <p class='ocr_par' dir='ltr' id='par_1_9' title="bbox 159 2915 1128 2986">
     <span class='ocr_line' id='line_1_20' title="bbox 159 2915 1128 2986; baseline -0.002 -13"><span class='ocrx_word' id='word_1_138' title='bbox 159 2915 261 2986; x_wconf 86' lang='lat' dir='ltr'>risset,</span> <span class='ocrx_word' id='word_1_139' title='bbox 283 2917 349 2975; x_wconf 88' lang='lat' dir='ltr'>sine</span> <span class='ocrx_word' id='word_1_140' title='bbox 370 2917 434 2974; x_wconf 92' lang='lat' dir='ltr'>ulla</span> <span class='ocrx_word' id='word_1_141' title='bbox 455 2917 639 2976; x_wconf 89' lang='lat' dir='ltr'>dubitatione</span> <span class='ocrx_word' id='word_1_142' title='bbox 660 2917 692 2976; x_wconf 92' lang='lat' dir='ltr'>in</span> <span class='ocrx_word' id='word_1_143' title='bbox 714 2934 801 2975; x_wconf 89' lang='lat' dir='ltr'>suum</span> <span class='ocrx_word' id='word_1_144' title='bbox 823 2934 912 2974; x_wconf 90' lang='lat' dir='ltr'>usum</span> <span class='ocrx_word' id='word_1_145' title='bbox 935 2915 1128 2975; x_wconf 83' lang='lat' dir='ltr'>convertisse.</span> 
     </span>
    </p>

    <p class='ocr_par' dir='ltr' id='par_1_10' title="bbox 157 3015 1494 4611">
     <span class='ocr_line' id='line_1_21' title="bbox 242 3015 1493 3096; baseline 0.002 -21"><span class='ocrx_word' id='word_1_146' title='bbox 242 3015 352 3093; x_wconf 86' lang='lat' dir='ltr'>Neque</span> <span class='ocrx_word' id='word_1_147' title='bbox 373 3017 464 3076; x_wconf 87' lang='lat' dir='ltr'>aliter</span> <span class='ocrx_word' id='word_1_148' title='bbox 480 3017 671 3077; x_wconf 87' lang='lat' dir='ltr'>statuendum</span> <span class='ocrx_word' id='word_1_149' title='bbox 693 3017 730 3076; x_wconf 91' lang='lat' dir='ltr'>de</span> <span class='ocrx_word' id='word_1_150' title='bbox 751 3019 865 3094; x_wconf 89' lang='lat' dir='ltr'>pictore</span> <span class='ocrx_word' id='word_1_151' title='bbox 890 3018 1138 3092; x_wconf 85' lang='lat' dir='ltr'>internostrates</span> <span class='ocrx_word' id='word_1_152' title='bbox 1159 3016 1248 3076; x_wconf 86' lang='lat' dir='ltr'>facile</span> <span class='ocrx_word' id='word_1_153' title='bbox 1268 3017 1415 3096; x_wconf 89' lang='lat' dir='ltr'>principe,</span> <span class='ocrx_word' id='word_1_154' title='bbox 1439 3020 1493 3094; x_wconf 89' lang='lat' dir='ltr'>qui</span> 
     </span>
     <span class='ocr_line' id='line_1_22' title="bbox 159 3117 1492 3195; baseline 0.003 -19"><span class='ocrx_word' id='word_1_155' title='bbox 159 3119 186 3176; x_wconf 87' lang='lat' dir='ltr'>si</span> <span class='ocrx_word' id='word_1_156' title='bbox 213 3117 281 3193; x_wconf 90' lang='lat' dir='ltr'>quis</span> <span class='ocrx_word' id='word_1_157' title='bbox 307 3117 386 3177; x_wconf 90' lang='lat' dir='ltr'>alius</span> <span class='ocrx_word' id='word_1_158' title='bbox 412 3119 542 3178; x_wconf 88' lang='lat' dir='ltr'>animam</span> <span class='ocrx_word' id='word_1_159' title='bbox 570 3119 680 3195; x_wconf 90' lang='lat' dir='ltr'>ubique</span> <span class='ocrx_word' id='word_1_160' title='bbox 706 3119 839 3195; x_wconf 91' lang='lat' dir='ltr'>prodidit</span> <span class='ocrx_word' id='word_1_161' title='bbox 860 3119 1112 3189; x_wconf 84' lang='lat' dir='ltr'>candidissimam,</span> <span class='ocrx_word' id='word_1_162' title='bbox 1141 3118 1266 3177; x_wconf 83' lang='lat' dir='ltr'>Alberto</span> <span class='ocrx_word' id='word_1_163' title='bbox 1288 3119 1416 3179; x_wconf 89' lang='lat' dir='ltr'>Diirero.</span> <span class='ocrx_word' id='word_1_164' title='bbox 1459 3120 1492 3180; x_wconf 88' lang='lat' dir='ltr'>Is</span> 
     </span>
     <span class='ocr_line' id='line_1_23' title="bbox 158 3218 1490 3296; baseline 0.002 -20"><span class='ocrx_word' id='word_1_165' title='bbox 158 3237 225 3276; x_wconf 89' lang='lat' dir='ltr'>cum</span> <span class='ocrx_word' id='word_1_166' title='bbox 249 3218 281 3277; x_wconf 93' lang='lat' dir='ltr'>in</span> <span class='ocrx_word' id='word_1_167' title='bbox 305 3219 384 3277; x_wconf 90' lang='lat' dir='ltr'>libro</span> <span class='ocrx_word' id='word_1_168' title='bbox 410 3237 470 3294; x_wconf 92' lang='lat' dir='ltr'>qno</span> <span class='ocrx_word' id='word_1_169' title='bbox 496 3219 533 3278; x_wconf 91' lang='lat' dir='ltr'>de</span> <span class='ocrx_word' id='word_1_170' title='bbox 559 3219 662 3278; x_wconf 89' lang='lat' dir='ltr'>circini</span> <span class='ocrx_word' id='word_1_171' title='bbox 690 3229 720 3278; x_wconf 88' lang='lat' dir='ltr'>et</span> <span class='ocrx_word' id='word_1_172' title='bbox 743 3221 865 3296; x_wconf 86' lang='lat' dir='ltr'>regulae</span> <span class='ocrx_word' id='word_1_173' title='bbox 886 3238 945 3278; x_wconf 90' lang='lat' dir='ltr'>usu</span> <span class='ocrx_word' id='word_1_174' title='bbox 971 3218 1158 3294; x_wconf 82' lang='lat' dir='ltr'>exposuit³),</span> <span class='ocrx_word' id='word_1_175' title='bbox 1190 3220 1298 3279; x_wconf 89' lang='lat' dir='ltr'>seriem</span> <span class='ocrx_word' id='word_1_176' title='bbox 1324 3221 1490 3279; x_wconf 88' lang='lat' dir='ltr'>litterarum</span> 
     </span>
     <span class='ocr_line' id='line_1_24' title="bbox 157 3319 1493 3398; baseline 0 -20"><span class='ocrx_word' id='word_1_177' title='bbox 157 3320 262 3396; x_wconf 90' lang='lat' dir='ltr'>pulcre</span> <span class='ocrx_word' id='word_1_178' title='bbox 284 3319 499 3394; x_wconf 79' lang='lat' dir='ltr'>delineatarum</span> <span class='ocrx_word' id='word_1_179' title='bbox 514 3329 705 3398; x_wconf 87' lang='lat' dir='ltr'>proponeret,</span> <span class='ocrx_word' id='word_1_180' title='bbox 726 3339 788 3378; x_wconf 91' lang='lat' dir='ltr'>non</span> <span class='ocrx_word' id='word_1_181' title='bbox 810 3320 907 3379; x_wconf 89' lang='lat' dir='ltr'>solum</span> <span class='ocrx_word' id='word_1_182' title='bbox 928 3321 1044 3378; x_wconf 89' lang='lat' dir='ltr'>litteras</span> <span class='ocrx_word' id='word_1_183' title='bbox 1058 3320 1144 3396; x_wconf 87' lang='lat' dir='ltr'>ipsas</span> <span class='ocrx_word' id='word_1_184' title='bbox 1159 3320 1222 3378; x_wconf 87' lang='lat' dir='ltr'>fere</span> <span class='ocrx_word' id='word_1_185' title='bbox 1237 3320 1313 3378; x_wconf 87' lang='lat' dir='ltr'>tales</span> <span class='ocrx_word' id='word_1_186' title='bbox 1329 3321 1493 3379; x_wconf 83' lang='lat' dir='ltr'>delineavit</span> 
     </span>
     <span class='ocr_line' id='line_1_25' title="bbox 158 3419 1491 3498; baseline 0.001 -20"><span class='ocrx_word' id='word_1_187' title='bbox 158 3421 264 3496; x_wconf 87' lang='lat' dir='ltr'>quales</span> <span class='ocrx_word' id='word_1_188' title='bbox 286 3419 366 3498; x_wconf 90' lang='lat' dir='ltr'>apud</span> <span class='ocrx_word' id='word_1_189' title='bbox 387 3421 566 3480; x_wconf 88' lang='lat' dir='ltr'>Paciuolum</span> <span class='ocrx_word' id='word_1_190' title='bbox 587 3421 773 3498; x_wconf 89' lang='lat' dir='ltr'>reperimus,</span> <span class='ocrx_word' id='word_1_191' title='bbox 800 3421 967 3480; x_wconf 90' lang='lat' dir='ltr'>sedetiam</span> <span class='ocrx_word' id='word_1_192' title='bbox 995 3421 1109 3480; x_wconf 91' lang='lat' dir='ltr'>eisdem</span> <span class='ocrx_word' id='word_1_193' title='bbox 1136 3421 1184 3478; x_wconf 87' lang='lat' dir='ltr'>vel</span> <span class='ocrx_word' id='word_1_194' title='bbox 1213 3420 1374 3479; x_wconf 85' lang='lat' dir='ltr'>simillimis</span> <span class='ocrx_word' id='word_1_195' title='bbox 1402 3428 1491 3496; x_wconf 92' lang='lat' dir='ltr'>atque</span> 
     </span>
     <span class='ocr_line' id='line_1_26' title="bbox 158 3517 1491 3604; baseline 0 -24"><span class='ocrx_word' id='word_1_196' title='bbox 158 3522 209 3604; x_wconf 79' lang='lat' dir='ltr'>hic</span> <span class='ocrx_word' id='word_1_197' title='bbox 221 3522 389 3582; x_wconf 89' lang='lat' dir='ltr'>rationibus</span> <span class='ocrx_word' id='word_1_198' title='bbox 403 3523 593 3600; x_wconf 85' lang='lat' dir='ltr'>geometricis</span> <span class='ocrx_word' id='word_1_199' title='bbox 613 3524 645 3582; x_wconf 94' lang='lat' dir='ltr'>in</span> <span class='ocrx_word' id='word_1_200' title='bbox 666 3523 775 3582; x_wconf 90' lang='lat' dir='ltr'>litteris</span> <span class='ocrx_word' id='word_1_201' title='bbox 795 3521 1017 3580; x_wconf 84' lang='lat' dir='ltr'>conformandis</span> <span class='ocrx_word' id='word_1_202' title='bbox 1039 3539 1112 3580; x_wconf 91' lang='lat' dir='ltr'>usus</span> <span class='ocrx_word' id='word_1_203' title='bbox 1134 3528 1189 3580; x_wconf 88' lang='lat' dir='ltr'>est.</span> <span class='ocrx_word' id='word_1_204' title='bbox 1222 3517 1270 3580; x_wconf 90' lang='lat' dir='ltr'>Ne</span> <span class='ocrx_word' id='word_1_205' title='bbox 1283 3521 1357 3578; x_wconf 91' lang='lat' dir='ltr'>hacc</span> <span class='ocrx_word' id='word_1_206' title='bbox 1371 3521 1491 3596; x_wconf 89' lang='lat' dir='ltr'>quidem</span> 
     </span>
     <span class='ocr_line' id='line_1_27' title="bbox 158 3621 1490 3700; baseline -0.002 -17"><span class='ocrx_word' id='word_1_207' title='bbox 158 3641 207 3683; x_wconf 86' lang='lat' dir='ltr'>res</span> <span class='ocrx_word' id='word_1_208' title='bbox 228 3625 291 3683; x_wconf 88' lang='lat' dir='ltr'>iam</span> <span class='ocrx_word' id='word_1_209' title='bbox 312 3623 442 3682; x_wconf 87' lang='lat' dir='ltr'>verbosa</span> <span class='ocrx_word' id='word_1_210' title='bbox 462 3624 666 3700; x_wconf 89' lang='lat' dir='ltr'>disputatione</span> <span class='ocrx_word' id='word_1_211' title='bbox 686 3623 822 3700; x_wconf 87' lang='lat' dir='ltr'>indigere</span> <span class='ocrx_word' id='word_1_212' title='bbox 844 3622 962 3680; x_wconf 85' lang='lat' dir='ltr'>videtur</span> <span class='ocrx_word' id='word_1_213' title='bbox 982 3631 1141 3699; x_wconf 87' lang='lat' dir='ltr'>postquam</span> <span class='ocrx_word' id='word_1_214' title='bbox 1161 3622 1193 3679; x_wconf 90' lang='lat' dir='ltr'>in</span> <span class='ocrx_word' id='word_1_215' title='bbox 1213 3621 1317 3680; x_wconf 86' lang='lat' dir='ltr'>tabula</span> <span class='ocrx_word' id='word_1_216' title='bbox 1337 3621 1383 3680; x_wconf 95' lang='lat' dir='ltr'>Ill</span> <span class='ocrx_word' id='word_1_217' title='bbox 1403 3621 1490 3680; x_wconf 88' lang='lat' dir='ltr'>Paci-</span> 
     </span>
     <span class='ocr_line' id='line_1_28' title="bbox 159 3722 1491 3801; baseline -0.002 -19"><span class='ocrx_word' id='word_1_218' title='bbox 159 3725 221 3783; x_wconf 91' lang='lat' dir='ltr'>uoli</span> <span class='ocrx_word' id='word_1_219' title='bbox 244 3732 274 3783; x_wconf 93' lang='lat' dir='ltr'>et</span> <span class='ocrx_word' id='word_1_220' title='bbox 294 3724 405 3783; x_wconf 88' lang='lat' dir='ltr'>Diireri</span> <span class='ocrx_word' id='word_1_221' title='bbox 426 3725 593 3784; x_wconf 87' lang='lat' dir='ltr'>litterarum</span> <span class='ocrx_word' id='word_1_222' title='bbox 614 3725 756 3784; x_wconf 90' lang='lat' dir='ltr'>idoneum</span> <span class='ocrx_word' id='word_1_223' title='bbox 777 3724 927 3801; x_wconf 89' lang='lat' dir='ltr'>specimen</span> <span class='ocrx_word' id='word_1_224' title='bbox 947 3741 1117 3800; x_wconf 89' lang='lat' dir='ltr'>proponere</span> <span class='ocrx_word' id='word_1_225' title='bbox 1138 3722 1240 3794; x_wconf 83' lang='lat' dir='ltr'>licuit3</span> <span class='ocrx_word' id='word_1_226' title='bbox 1262 3741 1301 3780; x_wconf 89' lang='lat' dir='ltr'>cx</span> <span class='ocrx_word' id='word_1_227' title='bbox 1322 3741 1382 3799; x_wconf 91' lang='lat' dir='ltr'>quo</span> <span class='ocrx_word' id='word_1_228' title='bbox 1404 3722 1491 3780; x_wconf 83' lang='lat' dir='ltr'>Paci·</span> 
     </span>
     <span class='ocr_line' id='line_1_29' title="bbox 160 3823 1491 3902; baseline -0.001 -19"><span class='ocrx_word' id='word_1_229' title='bbox 160 3826 224 3884; x_wconf 91' lang='lat' dir='ltr'>noli</span> <span class='ocrx_word' id='word_1_230' title='bbox 252 3825 363 3884; x_wconf 91' lang='lat' dir='ltr'>librum</span> <span class='ocrx_word' id='word_1_231' title='bbox 391 3825 510 3885; x_wconf 79' lang='lat' dir='ltr'>Direro</span> <span class='ocrx_word' id='word_1_232' title='bbox 537 3835 638 3886; x_wconf 90' lang='lat' dir='ltr'>notum</span> <span class='ocrx_word' id='word_1_233' title='bbox 670 3826 767 3884; x_wconf 85' lang='lat' dir='ltr'>fuisse</span> <span class='ocrx_word' id='word_1_234' title='bbox 798 3825 873 3882; x_wconf 91' lang='lat' dir='ltr'>satis</span> <span class='ocrx_word' id='word_1_235' title='bbox 902 3825 1010 3902; x_wconf 90' lang='lat' dir='ltr'>opinor</span> <span class='ocrx_word' id='word_1_236' title='bbox 1041 3823 1121 3882; x_wconf 90' lang='lat' dir='ltr'>clare</span> <span class='ocrx_word' id='word_1_237' title='bbox 1158 3831 1292 3901; x_wconf 86' lang='lat' dir='ltr'>apparet.</span> <span class='ocrx_word' id='word_1_238' title='bbox 1339 3824 1491 3883; x_wconf 87' lang='lat' dir='ltr'>Pictorem</span> 
     </span>
     <span class='ocr_line' id='line_1_30' title="bbox 158 3925 1491 4004; baseline -0.002 -18"><span class='ocrx_word' id='word_1_239' title='bbox 158 3925 444 4004; x_wconf 84' lang='lat' dir='ltr'>Norimbergcnaem</span> <span class='ocrx_word' id='word_1_240' title='bbox 466 3927 535 3985; x_wconf 91' lang='lat' dir='ltr'>aliis</span> <span class='ocrx_word' id='word_1_241' title='bbox 549 3926 695 3986; x_wconf 89' lang='lat' dir='ltr'>Italorum</span> <span class='ocrx_word' id='word_1_242' title='bbox 713 3926 799 3984; x_wconf 90' lang='lat' dir='ltr'>libris</span> <span class='ocrx_word' id='word_1_243' title='bbox 821 3925 1041 3984; x_wconf 85' lang='lat' dir='ltr'>mathematicis</span> <span class='ocrx_word' id='word_1_244' title='bbox 1063 3943 1149 3984; x_wconf 92' lang='lat' dir='ltr'>usum</span> <span class='ocrx_word' id='word_1_245' title='bbox 1172 3941 1239 3983; x_wconf 88' lang='lat' dir='ltr'>esse</span> <span class='ocrx_word' id='word_1_246' title='bbox 1260 3931 1342 3983; x_wconf 91' lang='lat' dir='ltr'>certo</span> <span class='ocrx_word' id='word_1_247' title='bbox 1364 3925 1491 3996; x_wconf 88' lang='lat' dir='ltr'>scimus;</span> 
     </span>
     <span class='ocr_line' id='line_1_31' title="bbox 160 4024 1491 4104; baseline -0.002 -17"><span class='ocrx_word' id='word_1_248' title='bbox 160 4046 233 4087; x_wconf 87' lang='lat' dir='ltr'>sane</span> <span class='ocrx_word' id='word_1_249' title='bbox 255 4027 432 4088; x_wconf 87' lang='lat' dir='ltr'>adservatur</span> <span class='ocrx_word' id='word_1_250' title='bbox 457 4028 605 4104; x_wconf 90' lang='lat' dir='ltr'>hodieque</span> <span class='ocrx_word' id='word_1_251' title='bbox 633 4028 665 4085; x_wconf 94' lang='lat' dir='ltr'>in</span> <span class='ocrx_word' id='word_1_252' title='bbox 692 4027 875 4086; x_wconf 87' lang='lat' dir='ltr'>bibliotheca</span> <span class='ocrx_word' id='word_1_253' title='bbox 898 4024 1140 4102; x_wconf 84' lang='lat' dir='ltr'>Guelferbytana</span> <span class='ocrx_word' id='word_1_254' title='bbox 1165 4026 1338 4100; x_wconf 84' lang='lat' dir='ltr'>exemplum</span> <span class='ocrx_word' id='word_1_255' title='bbox 1364 4027 1491 4086; x_wconf 89' lang='lat' dir='ltr'>elemen-</span> 
     </span>
     <span class='ocr_line' id='line_1_32' title="bbox 158 4125 1492 4202; baseline -0.004 -12"><span class='ocrx_word' id='word_1_256' title='bbox 158 4141 257 4190; x_wconf 91' lang='lat' dir='ltr'>torum</span> <span class='ocrx_word' id='word_1_257' title='bbox 279 4129 417 4189; x_wconf 83' lang='lat' dir='ltr'>Euclidis</span> <span class='ocrx_word' id='word_1_258' title='bbox 438 4127 573 4189; x_wconf 87' lang='lat' dir='ltr'>Venetiis</span> <span class='ocrx_word' id='word_1_259' title='bbox 596 4149 623 4188; x_wconf 91' lang='lat' dir='ltr'>a.</span> <span class='ocrx_word' id='word_1_260' title='bbox 648 4127 728 4188; x_wconf 88' lang='lat'>1505</span> <span class='ocrx_word' id='word_1_261' title='bbox 750 4126 842 4186; x_wconf 87' lang='lat' dir='ltr'>latine</span> <span class='ocrx_word' id='word_1_262' title='bbox 865 4127 1013 4186; x_wconf 89' lang='lat' dir='ltr'>editorum</span> <span class='ocrx_word' id='word_1_263' title='bbox 1034 4128 1116 4202; x_wconf 92' lang='lat' dir='ltr'>quod</span> <span class='ocrx_word' id='word_1_264' title='bbox 1130 4126 1268 4185; x_wconf 84' lang='lat' dir='ltr'>Ddrerns</span> <span class='ocrx_word' id='word_1_265' title='bbox 1292 4143 1319 4183; x_wconf 89' lang='lat' dir='ltr'>a.</span> <span class='ocrx_word' id='word_1_266' title='bbox 1337 4125 1415 4184; x_wconf 84' lang='lat'>1507</span> <span class='ocrx_word' id='word_1_267' title='bbox 1432 4126 1492 4184; x_wconf 88' lang='lat' dir='ltr'>Ve-</span> 
     </span>
     <span class='ocr_line' id='line_1_33' title="bbox 159 4225 1492 4306; baseline -0.004 -15"><span class='ocrx_word' id='word_1_268' title='bbox 159 4231 249 4291; x_wconf 88' lang='lat' dir='ltr'>netiis</span> <span class='ocrx_word' id='word_1_269' title='bbox 272 4248 306 4290; x_wconf 89' lang='lat' dir='ltr'>se</span> <span class='ocrx_word' id='word_1_270' title='bbox 332 4230 441 4290; x_wconf 86' lang='lat' dir='ltr'>emisse</span> <span class='ocrx_word' id='word_1_271' title='bbox 466 4249 523 4289; x_wconf 88' lang='lat' dir='ltr'>sua</span> <span class='ocrx_word' id='word_1_272' title='bbox 551 4249 642 4289; x_wconf 89' lang='lat' dir='ltr'>manu</span> <span class='ocrx_word' id='word_1_273' title='bbox 669 4229 767 4306; x_wconf 89' lang='lat' dir='ltr'>primo</span> <span class='ocrx_word' id='word_1_274' title='bbox 789 4229 863 4287; x_wconf 86' lang='lat' dir='ltr'>folio</span> <span class='ocrx_word' id='word_1_275' title='bbox 884 4228 1049 4306; x_wconf 88' lang='lat' dir='ltr'>inscripsit.</span> <span class='ocrx_word' id='word_1_276' title='bbox 1093 4225 1182 4302; x_wconf 82' lang='lat' dir='ltr'>Quod</span> <span class='ocrx_word' id='word_1_277' title='bbox 1205 4227 1232 4285; x_wconf 91' lang='lat' dir='ltr'>si</span> <span class='ocrx_word' id='word_1_278' title='bbox 1253 4226 1392 4285; x_wconf 88' lang='lat' dir='ltr'>Paciuoli</span> <span class='ocrx_word' id='word_1_279' title='bbox 1414 4245 1492 4304; x_wconf 88' lang='lat' dir='ltr'>opus</span> 
     </span>
     <span class='ocr_line' id='line_1_34' title="bbox 159 4329 1494 4411; baseline -0.004 -19"><span class='ocrx_word' id='word_1_280' title='bbox 159 4335 225 4411; x_wconf 88' lang='lat' dir='ltr'>ipse</span> <span class='ocrx_word' id='word_1_281' title='bbox 249 4350 350 4391; x_wconf 90' lang='lat' dir='ltr'>secum</span> <span class='ocrx_word' id='word_1_282' title='bbox 365 4330 502 4390; x_wconf 88' lang='lat' dir='ltr'>Venetiis</span> <span class='ocrx_word' id='word_1_283' title='bbox 524 4332 643 4390; x_wconf 92' lang='lat' dir='ltr'>domum</span> <span class='ocrx_word' id='word_1_284' title='bbox 665 4339 836 4408; x_wconf 88' lang='lat' dir='ltr'>reportasse</span> <span class='ocrx_word' id='word_1_285' title='bbox 856 4329 946 4388; x_wconf 91' lang='lat' dir='ltr'>statui</span> <span class='ocrx_word' id='word_1_286' title='bbox 967 4346 1028 4387; x_wconf 92' lang='lat' dir='ltr'>non</span> <span class='ocrx_word' id='word_1_287' title='bbox 1041 4336 1152 4406; x_wconf 87' lang='lat' dir='ltr'>potest,</span> <span class='ocrx_word' id='word_1_288' title='bbox 1175 4329 1317 4404; x_wconf 87' lang='lat' dir='ltr'>quoniam</span> <span class='ocrx_word' id='word_1_289' title='bbox 1338 4335 1408 4404; x_wconf 93' lang='lat' dir='ltr'>post</span> <span class='ocrx_word' id='word_1_290' title='bbox 1428 4329 1494 4388; x_wconf 89' lang='lat' dir='ltr'>eius</span> 
     </span>
     <span class='ocr_line' id='line_1_35' title="bbox 160 4427 1493 4510; baseline -0.005 -18"><span class='ocrx_word' id='word_1_291' title='bbox 160 4433 329 4493; x_wconf 89' lang='lat' dir='ltr'>discessum</span> <span class='ocrx_word' id='word_1_292' title='bbox 343 4434 426 4510; x_wconf 85' lang='lat' dir='ltr'>typis</span> <span class='ocrx_word' id='word_1_293' title='bbox 441 4432 625 4508; x_wconf 85' lang='lat' dir='ltr'>descriptum</span> <span class='ocrx_word' id='word_1_294' title='bbox 646 4441 677 4491; x_wconf 88' lang='lat' dir='ltr'>et</span> <span class='ocrx_word' id='word_1_295' title='bbox 697 4431 808 4490; x_wconf 89' lang='lat' dir='ltr'>editum</span> <span class='ocrx_word' id='word_1_296' title='bbox 824 4437 879 4502; x_wconf 89' lang='lat' dir='ltr'>est,</span> <span class='ocrx_word' id='word_1_297' title='bbox 901 4430 977 4488; x_wconf 90' lang='lat' dir='ltr'>nihil</span> <span class='ocrx_word' id='word_1_298' title='bbox 998 4431 1099 4490; x_wconf 88' lang='lat' dir='ltr'>obstat</span> <span class='ocrx_word' id='word_1_299' title='bbox 1113 4431 1271 4508; x_wconf 88' lang='lat' dir='ltr'>quominus</span> <span class='ocrx_word' id='word_1_300' title='bbox 1286 4429 1397 4488; x_wconf 91' lang='lat' dir='ltr'>librum</span> <span class='ocrx_word' id='word_1_301' title='bbox 1412 4427 1493 4505; x_wconf 90' lang='lat' dir='ltr'>apud</span> 
     </span>
     <span class='ocr_line' id='line_1_36' title="bbox 162 4531 1236 4611; baseline -0.004 -17"><span class='ocrx_word' id='word_1_302' title='bbox 162 4536 260 4595; x_wconf 86' lang='lat' dir='ltr'>Italos</span> <span class='ocrx_word' id='word_1_303' title='bbox 282 4535 429 4593; x_wconf 90' lang='lat' dir='ltr'>celebrem</span> <span class='ocrx_word' id='word_1_304' title='bbox 452 4534 513 4594; x_wconf 87' lang='lat' dir='ltr'>alia</span> <span class='ocrx_word' id='word_1_305' title='bbox 533 4533 583 4592; x_wconf 88' lang='lat' dir='ltr'>via</span> <span class='ocrx_word' id='word_1_306' title='bbox 603 4531 834 4611; x_wconf 85' lang='lat' dir='ltr'>Norimbergam</span> <span class='ocrx_word' id='word_1_307' title='bbox 856 4531 979 4591; x_wconf 88' lang='lat' dir='ltr'>allatum</span> <span class='ocrx_word' id='word_1_308' title='bbox 1000 4549 1068 4591; x_wconf 88' lang='lat' dir='ltr'>esse</span> <span class='ocrx_word' id='word_1_309' title='bbox 1089 4537 1236 4609; x_wconf 87' lang='lat' dir='ltr'>putemus.</span> 
     </span>
    </p>
   </div>
   <div class='ocr_carea' id='block_1_8' title="bbox 245 4635 1286 4727">
    <p class='ocr_par' dir='ltr' id='par_1_11' title="bbox 245 4635 1286 4727">
     <span class='ocr_line' id='line_1_37' title="bbox 245 4635 1286 4727; baseline 0.025 -31"><span class='ocrx_word' id='word_1_310' title='bbox 245 4635 391 4696; x_wconf 86' lang='lat' dir='ltr'>Berolini.</span> <span class='ocrx_word' id='word_1_311' title='bbox 1087 4667 1125 4725; x_wconf 86' lang='lat' dir='ltr'>R.</span> <span class='ocrx_word' id='word_1_312' title='bbox 1149 4663 1286 4727; x_wconf 67' lang='lat' dir='ltr'>Sondrae.</span> 
     </span>
    </p>
   </div>
   <div class='ocr_carea' id='block_1_9' title="bbox 241 4892 1493 4964">
    <p class='ocr_par' dir='ltr' id='par_1_12' title="bbox 241 4892 1493 4964">
     <span class='ocr_line' id='line_1_38' title="bbox 241 4892 1493 4964; baseline -0.004 -12"><span class='ocrx_word' id='word_1_313' title='bbox 241 4901 264 4964; x_wconf 74' lang='grc'>1)</span> <span class='ocrx_word' id='word_1_314' title='bbox 288 4900 331 4952; x_wconf 89' lang='lat' dir='ltr'>De</span> <span class='ocrx_word' id='word_1_315' title='bbox 349 4901 434 4952; x_wconf 92' lang='lat' dir='ltr'>Paulo</span> <span class='ocrx_word' id='word_1_316' title='bbox 453 4899 587 4954; x_wconf 86' lang='lat' dir='ltr'>Rannusio</span> <span class='ocrx_word' id='word_1_317' title='bbox 607 4901 661 4950; x_wconf 87' lang='lat' dir='ltr'>sive</span> <span class='ocrx_word' id='word_1_318' title='bbox 673 4899 797 4951; x_wconf 88' lang='lat' dir='ltr'>Ramusio</span> <span class='ocrx_word' id='word_1_319' title='bbox 816 4898 998 4949; x_wconf 86' lang='lat' dir='ltr'>iurisconsulto</span> <span class='ocrx_word' id='word_1_320' title='bbox 1016 4895 1228 4949; x_wconf 76' lang='lat' dir='ltr'>vd.&#39;1¹iraboscbi</span> <span class='ocrx_word' id='word_1_321' title='bbox 1246 4892 1335 4947; x_wconf 81' lang='lat' dir='ltr'>Storia</span> <span class='ocrx_word' id='word_1_322' title='bbox 1353 4893 1424 4947; x_wconf 81' lang='lat' dir='ltr'>dello</span> <span class='ocrx_word' id='word_1_323' title='bbox 1442 4895 1493 4948; x_wconf 85' lang='lat' dir='ltr'>lett.</span> 
     </span>
    </p>
   </div>
   <div class='ocr_carea' id='block_1_10' title="bbox 165 4990 1494 5242">
    <p class='ocr_par' dir='ltr' id='par_1_13' title="bbox 165 4990 1494 5242">
     <span class='ocr_line' id='line_1_39' title="bbox 165 4990 605 5056; baseline 0.002 -15"><span class='ocrx_word' id='word_1_324' title='bbox 165 4990 226 5043; x_wconf 84' lang='lat' dir='ltr'>Ital.</span> <span class='ocrx_word' id='word_1_325' title='bbox 245 4993 300 5044; x_wconf 83' lang='lat' dir='ltr'>VII</span> <span class='ocrx_word' id='word_1_326' title='bbox 321 4994 335 5042; x_wconf 94' lang='lat'>1</span> <span class='ocrx_word' id='word_1_327' title='bbox 355 5007 382 5056; x_wconf 93' lang='lat' dir='ltr'>p.</span> <span class='ocrx_word' id='word_1_328' title='bbox 396 4992 448 5043; x_wconf 76' lang='lat'>239</span> <span class='ocrx_word' id='word_1_329' title='bbox 469 4992 509 5042; x_wconf 90' lang='lat' dir='ltr'>ed.</span> <span class='ocrx_word' id='word_1_330' title='bbox 529 4991 605 5043; x_wconf 89' lang='lat' dir='ltr'>Rom.</span> 
     </span>
     <span class='ocr_line' id='line_1_40' title="bbox 240 5079 933 5150; baseline -0.006 -16"><span class='ocrx_word' id='word_1_331' title='bbox 240 5079 265 5145; x_wconf 76' lang='lat'>²)</span> <span class='ocrx_word' id='word_1_332' title='bbox 290 5084 466 5150; x_wconf 85' lang='lat' dir='ltr'>Augustinum</span> <span class='ocrx_word' id='word_1_333' title='bbox 485 5097 622 5149; x_wconf 85' lang='lat' dir='ltr'>quemnam</span> <span class='ocrx_word' id='word_1_334' title='bbox 641 5081 711 5132; x_wconf 88' lang='lat' dir='ltr'>dicat</span> <span class='ocrx_word' id='word_1_335' title='bbox 728 5095 782 5131; x_wconf 94' lang='lat' dir='ltr'>non</span> <span class='ocrx_word' id='word_1_336' title='bbox 801 5093 933 5146; x_wconf 85' lang='lat' dir='ltr'>assequor.</span> 
     </span>
     <span class='ocr_line' id='line_1_41' title="bbox 242 5161 1494 5242; baseline -0.004 -17"><span class='ocrx_word' id='word_1_337' title='bbox 242 5171 267 5236; x_wconf 76' lang='lat'>⁸)</span> <span class='ocrx_word' id='word_1_338' title='bbox 285 5165 499 5242; x_wconf 74' lang='lat' dir='ltr'>‘Underweysaop</span> <span class='ocrx_word' id='word_1_339' title='bbox 518 5173 563 5224; x_wconf 84' lang='lat' dir='ltr'>der</span> <span class='ocrx_word' id='word_1_340' title='bbox 575 5171 695 5240; x_wconf 74' lang='lat' dir='ltr'>Messunq</span> <span class='ocrx_word' id='word_1_341' title='bbox 706 5173 752 5222; x_wconf 82' lang='lat' dir='ltr'>mit</span> <span class='ocrx_word' id='word_1_342' title='bbox 763 5170 817 5222; x_wconf 82' lang='lat' dir='ltr'>dem</span> <span class='ocrx_word' id='word_1_343' title='bbox 831 5169 936 5222; x_wconf 76' lang='lat' dir='ltr'>Zircltel</span> <span class='ocrx_word' id='word_1_344' title='bbox 950 5168 1004 5220; x_wconf 80' lang='lat' dir='ltr'>aad</span> <span class='ocrx_word' id='word_1_345' title='bbox 1015 5161 1191 5236; x_wconf 70' lang='lat' dir='ltr'>Riclttscltcyt&#39;.</span> <span class='ocrx_word' id='word_1_346' title='bbox 1218 5170 1337 5221; x_wconf 81' lang='lat' dir='ltr'>Adhibui</span> <span class='ocrx_word' id='word_1_347' title='bbox 1354 5169 1494 5221; x_wconf 84' lang='lat' dir='ltr'>editionem</span> 
     </span>
    </p>
   </div>
   <div class='ocr_carea' id='block_1_11' title="bbox 172 5254 1369 5328">
    <p class='ocr_par' dir='ltr' id='par_1_14' title="bbox 172 5254 1369 5328">
     <span class='ocr_line' id='line_1_42' title="bbox 172 5254 1369 5328; baseline -0.002 -14"><span class='ocrx_word' id='word_1_348' title='bbox 172 5266 231 5316; x_wconf 90' lang='lat' dir='ltr'>anni</span> <span class='ocrx_word' id='word_1_349' title='bbox 251 5265 331 5318; x_wconf 78' lang='lat'><strong>1525.</strong></span> <span class='ocrx_word' id='word_1_350' title='bbox 368 5265 410 5318; x_wconf 88' lang='lat' dir='ltr'>De</span> <span class='ocrx_word' id='word_1_351' title='bbox 429 5266 470 5317; x_wconf 89' lang='lat' dir='ltr'>bis</span> <span class='ocrx_word' id='word_1_352' title='bbox 487 5266 583 5318; x_wconf 80' lang='lat' dir='ltr'>Dr&#39;rreri</span> <span class='ocrx_word' id='word_1_353' title='bbox 601 5265 693 5316; x_wconf 86' lang='lat' dir='ltr'>studiis</span> <span class='ocrx_word' id='word_1_354' title='bbox 711 5265 758 5316; x_wconf 84' lang='lat' dir='ltr'>cfr.</span> <span class='ocrx_word' id='word_1_355' title='bbox 776 5265 811 5315; x_wconf 74' lang='lat' dir='ltr'>A.</span> <span class='ocrx_word' id='word_1_356' title='bbox 830 5278 883 5314; x_wconf 86' lang='lat' dir='ltr'>von</span> <span class='ocrx_word' id='word_1_357' title='bbox 900 5261 974 5314; x_wconf 85' lang='lat' dir='ltr'>Zahn</span> <span class='ocrx_word' id='word_1_358' title='bbox 990 5254 1100 5314; x_wconf 75' lang='lat' dir='ltr'>Direr&#39;a</span> <span class='ocrx_word' id='word_1_359' title='bbox 1117 5259 1268 5314; x_wconf 80' lang='lat' dir='ltr'>Kunstlelre</span> <span class='ocrx_word' id='word_1_360' title='bbox 1285 5277 1312 5328; x_wconf 85' lang='lat' dir='ltr'>p.</span> <span class='ocrx_word' id='word_1_361' title='bbox 1325 5262 1369 5314; x_wconf 82' lang='lat'>97.</span> 
     </span>
    </p>
   </div>
   <div class='ocr_carea' id='block_1_12' title="bbox 0 0 1815 6080">
    <p class='ocr_par' dir='ltr' id='par_1_15' title="bbox 0 0 1815 6080">
     <span class='ocr_line' id='line_1_43' title="bbox 0 0 1815 6080; baseline 0 0"><span class='ocrx_word' id='word_1_362' title='bbox 0 0 1815 6080; x_wconf 95' lang='lat' dir='ltr'> </span> 
     </span>
    </p>
   </div>
  </div>
 </body>
</html>
