3568 6070
290 544 361 616 102
847 553 1047 608 55551555

287 733 377 791 5133
404 737 473 789 5515
496 730 727 806 praefecturam,
756 746 784 784 n.
806 726 846 787 28
868 727 957 786 5135
982 731 1055 804 post
1080 743 1147 784 eam
1172 723 1284 782 tribuni
1308 721 1414 781 urbani
1439 721 1511 780 facti
1537 729 1615 778 sunt.

287 834 392 908 Itaque
419 849 486 890 cum
513 831 683 890 tribunatus
711 829 760 888 vel
788 836 858 887 ante
886 827 933 886 vel
961 835 1031 904 post
1057 824 1275 902 praefecturam
1304 823 1519 902 suscipiantur,
1550 840 1616 880 earn

288 935 367 992 iuter
387 932 512 992 militias
533 938 687 1008 equestres
709 939 822 988 certum
842 929 942 987 locum
964 928 1085 986 omnino
1106 943 1166 985 nou
1188 925 1330 984 habuisse
1352 911 1544 983 manifestum
1561 931 1618 991 cst,

289 1034 434 1110 dignitate
461 1042 559 1092 autem
585 1033 648 1092 fere
675 1049 778 1108 parem
801 1029 893 1090 fuisse
914 1029 1115 1090 tribunatibus
1137 1027 1259 1086 urbanis
1280 1027 1332 1102 qui
1353 1025 1486 1084 omnium
1509 1023 1618 1083 summi

288 1135 417 1192 fuerunt.
451 1133 594 1193 Emeritis
617 1133 773 1208 stipendiis
794 1117 936 1208 praefecti
956 1129 1083 1206 legionis
1104 1127 1280 1206 plerumque
1301 1128 1332 1184 15
1353 1127 1503 1203 privatam
1525 1125 1618 1182 vitam

289 1235 415 1294 rediisse
435 1235 587 1307 videntum
614 1241 825 1310 procuraturus
847 1232 869 1289 ii
890 1239 1004 1289 tantum
1028 1235 1219 1306 acceperuut,
1245 1229 1296 1305 qui
1317 1227 1440 1286 militias
1463 1234 1618 1302 equestres

289 1335 422 1394 fecerant
442 1336 486 1412 (u.
503 1335 530 1394 8.
553 1335 601 1394 28.
622 1335 671 1394 33.
693 1333 756 1410 35).
800 1331 983 1394 Sacerdotiis
1010 1339 1155 1388 ornantur
1180 1330 1294 1388 ordinis
1316 1329 1464 1404 equestris
1484 1327 1618 1386 Lauren·

290 1438 354 1494 tino
376 1445 406 1495 et
423 1437 578 1495 flaminatu
591 1435 719 1513 luculari
741 1433 784 1512 (n.
802 1434 864 1510 15).
902 1431 1065 1492 Ducenarii
1078 1431 1217 1490 dicuntur
1238 1449 1267 1488 n.
1284 1430 1302 1488 8
1317 1439 1348 1488 et
1365 1431 1413 1503 14,
1434 1430 1491 1488 viri
1506 1427 1619 1506 egregii

291 1557 321 1612 u.
339 1538 386 1594 14.
406 1535 583 1596 15.21.22.
601 1535 650 1594 25.
731 1567 734 1574 =

349 1637 445 1704 ,Una
465 1656 531 1695 eum
552 1639 652 1715 legato
673 1635 801 1712 legionis
822 1635 991 1712 praefectus
1012 1633 1140 1710 legionis
1156 1639 1406 1692 commemoratur
1426 1631 1518 1701 517,
1542 1630 1619 1690 unde

293 1757 361 1796 eum
386 1738 472 1796 iuxta
496 1738 626 1814 legatum
652 1739 752 1796 locum
780 1755 866 1794 suum
889 1735 1032 1794 habuisse
1053 1741 1165 1792 certum
1188 1741 1242 1792 551.
1285 1735 1351 1792 Iam
1373 1752 1439 1790 cum
1463 1731 1621 1792 Gallienus

292 1838 429 1898 homines
457 1839 571 1898 ordinis
598 1837 742 1897 senatorii
767 1837 947 1896 militaribus
973 1835 1139 1895 honoribus
1167 1834 1251 1911 fungi
1278 1833 1463 1910 vetuisset1)
1491 1833 1620 1909 ideoque

289 1939 416 2014 legatos
435 1940 562 2015 legionis
588 1940 774 2010 sustulisset,
800 1938 880 1996 vices
905 1937 1072 2013 legatorum
1098 1943 1296 2012 susceperunt
1315 1913 1474 2012 praefecti,
1501 1935 1580 1992 unde
1602 1953 1621 1992 a

293 2037 426 2098 Gallieni
447 2045 545 2100 aetate
566 2051 657 2116 utque
679 2040 716 2098 ad
735 2039 960 2098 Diocletianum
981 2039 1102 2115 saepius
1123 2037 1262 2095 dicuntur
1282 2045 1404 2112 agentes
1422 2033 1507 2094 'vices
1529 2037 1619 2112 legati

293 2138 392 2215 (518
415 2160 442 2198 a.
459 2139 529 2214 267,
550 2161 580 2199 5.
596 2139 636 2200 20
658 2161 685 2200 a.
702 2140 773 2214 269,
794 2159 823 2198 n.
840 2139 877 2197 21
902 2157 929 2196 a.
946 2137 1031 2214 284).
1068 2139 1118 2196 Ad
1139 2138 1218 2196 idem
1240 2146 1339 2195 autem
1360 2146 1478 2214 tempus
1500 2137 1533 2195 15
1544 2124 1620 2213 555-

292 2257 352 2315 555
379 2243 528 2316 pertinere
555 2242 683 2314 videtur,
710 2242 792 2318 quod
807 2241 910 2299 tradit
929 2240 1089 2316 Vegetius,
1118 2236 1285 2315 praefectos
1313 2238 1463 2296 interdum
1491 2239 1621 2296 vicarios

291 2340 388 2400 fuisse
408 2343 575 2419 legatorum
596 2343 783 2420 provinciue3
803 2341 894 2400 huius
916 2341 995 2400 enim
1015 2341 1078 2400 fere
1099 2341 1205 2399 aetatis
1227 2348 1274 2398 est
1294 2339 1398 2398 titulus
1420 2359 1449 2397 n.
1467 2337 1516 2396 29.

377 2441 532 2503 0111515155
584 2449 854 2504 commemorantur
905 2441 1142 2515 cornicularius,
1195 2441 1356 2512 librarius,
1413 2440 1620 2498 beneficiarius

294 2541 336 2618 (n.
352 2543 499 2620 38-41).

376 2643 425 2702 De
446 2647 619 2706 muneribus
640 2647 715 2706 haec
736 2646 824 2706 docet
837 2644 983 2722 Vegetius
999 2643 1042 2720 (2,
1057 2643 1104 2720 9):
1122 2646 1262 2722 proprius
1280 2643 1365 2702 iudea
1379 2652 1441 2702 5551
1457 2647 1621 2720 praeJ‘ectus

294 2745 414 2820 legionis
434 2779 476 2788 -
492 2778 531 2790 -
553 2747 659 2806 tribuni
679 2747 723 2806 vel
744 2750 920 2806 centuriones
942 2749 1081 2822 ceterique
1100 2746 1202 2803 milites
1222 2747 1281 2803 eius
1292 2755 1449 2820 praecepta
1461 2745 1621 2804 seruabant.

300 2845 472 2920 Vigiliarum
497 2851 557 2907 siae
572 2850 760 2924 profectionis
784 2857 891 2907 tessera
912 2848 948 2906 ab
971 2849 1064 2905 eodem
1081 2847 1241 2924 petebatur.
1283 2844 1419 2904 Similes
1441 2849 1545 2904 55155555
1566 2847 1622 2904 ali·

294 2948 372 3022 quod
398 2951 590 3018 commisisset,
619 2951 788 3008 auctoritate
806 2949 949 3024 ¹praefecti
970 2949 1088 3024 legionis
1110 2967 1129 3004 a
1151 2949 1266 3006 tribuno.
1284 2947 1474 3022 deputabatur
1494 2949 1536 3006 55
1551 2967 1623 3024 poe-

293 3065 370 3105 nam.
413 3047 507 3106 Arma
535 3051 657 3108 annium
683 3051 818 3120 militum,
846 3053 911 3108 item
937 3053 1002 3124 equi
1020 3059 1109 3108 uestes
1130 3067 1245 3107 annona
1265 3049 1307 3106 ad
1327 3066 1424 3106 orarem
1444 3052 1623 3124 555155555-

295 3147 427 3208 tinebant.
470 3151 651 3226 Disciplinae
673 3155 825 3221 seueritas,
854 3153 1013 3209 5555511555
1035 3169 1091 3208 non
1112 3149 1203 3208 solum
1221 3149 1346 3224 peditum
1367 3148 1418 3208 sed
1439 3153 1622 3226 5115555551-

295 3256 354 3306 tum
375 3249 593 3326 legionariorum
609 3261 765 3328 praecepto
786 3255 846 3310 5155
867 3253 967 3310 cotidie
986 3251 1150 3310 curabatur.
1186 3251 1256 3326 Ipse
1277 3261 1369 3310 551555
1387 3253 1478 3310 iustus
1500 3253 1624 3327 diligens

294 3349 405 3408 sobrius
424 3348 561 3426 'legionem
581 3353 638 3411 sibi
658 3355 793 3413 creditam
814 3355 947 3414 adsiduis
968 3352 1100 3428 operibus
1122 3353 1162 3412 ad
1182 3371 1287 3410 omnem
1309 3354 1489 3423 devotionem,
1511 3354 1554 3410 ad
1567 3373 1624 3412 om-

293 3465 356 3508 nem
375 3452 526 3524 formabat
548 3455 734 3527 iudustriam,
762 3457 852 3513 sciens
879 3455 919 3512 55
942 3455 1083 3530 praeferri
1110 3453 1223 3513 laudern
1250 3453 1433 3512 subiectorum
1461 3455 1625 3513 redundare

294 3552 432 3611 uirtutem.
474 3554 558 3612 Addi
584 3562 684 3632 potest
711 3573 801 3630 saepe
828 3555 1011 3630 praefectum
1037 3555 1163 3631 legionis
1190 3555 1328 3616 insistere
1354 3554 1496 3631 operibus
1522 3557 1624 3615 varios

295 3651 334 3708 55
359 3669 432 3712 5555
460 3673 479 3711 5
499 3657 645 3715 militibus
665 3655 752 3716 factis
775 3655 819 3732 (u.
838 3655 951 3714 16.17.
972 3654 1020 3714 22.
1038 3654 1107 3732 23).
1152 3655 1242 3730 Quod
1263 3664 1361 3713 autem
1383 3655 1423 3713 ad
1442 3655 1624 3716 iurisdictio-

294 3769 363 3809 nem
384 3754 513 3827 pertinet
534 3775 553 3814 5
569 3757 696 3836 Vegetio
719 3765 990 3829 commemoratam,
1012 3757 1069 3816 hoc
1089 3763 1206 3815 tantum
1228 3757 1347 3830 adnoto,
1369 3757 1407 3817 de
1428 3753 1526 3833 capite
1546 3759 1624 3817 mili-

296 3859 358 3909 tum
380 3863 461 3912 certo
482 3874 543 3914 non
563 3856 657 3916 fuisse
677 3858 821 3917 iudicium
842 3876 934 3934 penes
955 3857 1137 3933 praefectum
1158 3859 1286 3936 legionis
1295 3857 1335 3934 ²).

379 3952 464 4012 Η555
485 3957 537 4031 551
559 3975 626 4018 cum
648 3959 692 4017 515
714 3959 883 4031 contulerit,
905 3976 982 4034 quae
1004 3958 1041 4016 de
1062 3959 1251 4036 praefectura
1271 3967 1439 4037 castrorum
1460 3977 1553 4035 supra
1571 3980 1625 4019 ex-

294 4046 466 4128 posuimus,
493 4057 521 4115 ei
542 4077 603 4116 non
624 4058 745 4118 dubium
767 4061 824 4118 erit
844 4060 960 4136 opinor,
989 4059 1061 4134 quin
1081 4059 1268 4136 praefectura
1287 4059 1416 4136 legionis
1438 4060 1477 4138 ab
1498 4061 1552 4120 illa
1573 4080 1626 4120 no·

296 4154 376 4212 mine
402 4163 517 4216 tantum
544 4159 662 4217 diversa
688 4160 740 4232 sit3
769 4161 807 4218 ab
833 4142 966 4219 eiusdem
994 4161 1074 4218 euim
1102 4161 1221 4238 generis
1248 4161 1418 4219 horninibus
1445 4170 1475 4219 51
1500 4163 1576 4220 haec
1596 4169 1627 4222 et

296 4253 351 4312 illa
372 4257 545 4334 suscipitur,
573 4260 676 4319 eadem
703 4262 858 4336 utriusque
885 4268 931 4320 551
956 4261 1103 4339 dignitas,
1131 4261 1235 4321 cadem
1261 4281 1385 4320 munera
1410 4268 1494 4334 5551,
1520 4263 1625 4322 eodem

297 4354 425 4432 denique
451 4365 599 4436 tempore,
626 4380 686 4438 quo
709 4348 853 4439 praefecti
880 4371 1048 4421 castrorum
1069 4363 1100 4419 in
1121 4361 1216 4420 titulis
1238 4362 1348 4420 desinit
1368 4363 1494 4434 mentio,
1520 4363 1627 4442 incipit

296 4457 439 4540 praefecti
459 4459 620 4536 legionum.
655 4460 805 4535 Quattuor
826 4462 904 4520 euim
925 4463 997 4520 illos
1019 4479 1095 4538 quos
1117 4463 1214 4538 primo
1236 4464 1303 4522 loco
1326 4463 1470 4522 collocavi
1491 4483 1530 4522 ne
1551 4465 1626 4522 mihi

298 4575 442 4631 opponas.
478 4558 516 4619 L.
531 4561 712 4634 Memmium,
735 4563 787 4638 qui
807 4565 950 4638 ‘quaestor
971 4572 1001 4622 et
1021 4562 1158 4622 tribunus
1179 4563 1276 4638 plebis
1297 4564 1354 4622 fuit
1375 4572 1473 4622 aetate
1491 4564 1624 4640 Augusti

298 4663 328 4714 51
352 4667 478 4716 vocatur
499 4663 662 4736 praefectus
688 4664 826 4739 legionum
845 4663 963 4722 XXVI
981 4673 1008 4722 et
1026 4663 1093 4722 VII
1109 4663 1209 4722 Lucae
1230 4666 1271 4723 55
1291 4681 1378 4741 apros
1399 4665 1580 4738 diuidendos,
1605 4685 1624 4724 a

376 4901 399 4963 1)
428 4904 494 4958 Aur.
507 4907 599 4958 Victor
621 4909 694 4961 Cass.
717 4911 766 4973 33,
786 4912 821 4962 34
845 4918 869 4962 51
889 4918 976 4978 patres
999 4910 1107 4978 quidem,
1132 4918 1235 4978 praeter
1258 4925 1380 4962 commane
1402 4909 1624 4962 Romani.rnolan

298 4990 380 5052 orbis,
404 4993 549 5046 stimulabat
566 5002 673 5066 proprii
695 5001 794 5052 ordinis
815 5002 973 5065 contunrela'a,
1000 5003 1061 5069 quia
1073 5004 1174 5070 primus
1191 5003 1246 5070 5555
1264 5009 1331 5054 motu
1347 5001 1480 5055 socordius
1497 5017 1569 5063 suae,
1594 5017 1624 5052 nc

297 5083 426 5150 imperium
445 5085 481 5136 ad
498 5089 602 5154 optimos
619 5089 739 5142 nobilium
757 5091 943 5158 transferretur,
963 5101 1074 5167 senatun
1092 5094 1186 5146 militia
1203 5095 1287 5156 uetuit,
1308 5095 1381 5146 515555
1398 5092 1471 5144 adire
1483 5093 1622 5146 5555511555.

375 5174 399 5238 ⁹)
427 5179 528 5230 Walter
547 5181 684 5234 Gesch.·d.
704 5184 779 5236 Rom.
799 5184 894 5237 Rechts
913 5187 929 5234 2
950 5183 1042 5250 5845.
