3568 6070
733 1283 1190 1492 ADDITAMENTA

590 1590 663 1698 An
694 1587 953 1674 ooneoms
982 1585 1239 1673 vonvnnn
1268 1583 1358 1668 lv..

671 1820 673 1826 Ι
801 1719 1111 1812 (asom-2880.)
1177 1763 1181 1770 .
1240 1796 1243 1804 ,

244 2093 247 2099 ⁵
355 2133 357 2135 ’
383 2149 550 2229 rinvel
575 2129 714 2262 unsis
741 2121 1012 2226 Florianus
1038 2146 1283 2224 iussurum
1308 2144 1545 2224 nouenos

459 2291 463 2298 ·
515 2289 549 2296 ··
853 2275 1075 2350 nuruum.

380 2472 466 2532 Vasa
485 2471 590 2531 fiotilia
608 2471 853 2548 inscriptionibus
873 2469 1004 2546 insignia
1017 2487 1212 2546 quaeeunque
1226 2469 1313 2528 annis
1330 2465 1419 2527 1868.
1440 2467 1532 2528 1869.
1550 2465 1624 2525 1870

297 2574 452 2650 Pompeiis
471 2582 591 2651 reperta
605 2581 684 2644 sunt,
704 2572 840 2632 Fiorello
861 2573 1007 2649 magistro
1028 2564 1167 2630 hortante
1190 2571 1282 2629 simul
1303 2575 1393 2646 atque
1413 2568 1531 2628 effossa
1552 2571 1646 2637 sunt,-

298 2675 457 2754 diligenter
477 2675 649 2734 examinavi
669 2674 833 2750 titulosque
855 2673 1011 2748 descripsi.
1047 2672 1098 2730 Ex
1119 2671 1228 2748 quibus
1249 2672 1383 2750 potiores
1406 2669 1537 2740 seleotos
1550 2667 1626 2726 infra

298 2776 342 2835 ita
366 2794 536 2854 proponam
562 2783 595 2834 ut
619 2775 754 2834 ordinem
774 2773 837 2831 fere
859 2791 969 2849 sequar
989 2791 1057 2832 eum
1079 2791 1139 2849 quo
1160 2773 1294 2832 eiusdem
1315 2773 1435 2849 generis
1458 2770 1541 2830 tituli
1561 2774 1625 2828 ante

298 2895 326 2934 a.
344 2875 424 2934 1868
449 2876 560 2952 roperti
580 2876 613 2934 in
634 2883 741 2952 quarto
763 2875 917 2933 volumine
939 2872 973 2934 O.
994 2873 1020 2933 I.
1040 2873 1076 2932 L.
1100 2874 1240 2950 dispositi
1261 2874 1410 2950 leguntur.
1455 2871 1555 2933 Notae
1575 2888 1623 2928 nu-

299 2977 428 3036 morales
456 2975 611 3034 Romanae
643 2976 683 3034 sd
710 2993 851 3034 vasorum
878 2977 1001 3034 nomina
1028 2975 1146 3034 additae
1172 2976 1285 3034 formas
1314 2994 1417 3034 eornm
1451 2973 1623 3052 significant,

299 3075 405 3152 quales
431 3077 609 3136 exhibentur
634 3076 801 3136 delineatae
826 3076 858 3134 in
883 3076 987 3135 tabula
1012 3078 1145 3136 eiusdem
1170 3077 1270 3154 operis
1291 3077 1420 3153 paginae
1437 3076 1495 3134 171
1520 3072 1623 3133 addita.

301 3177 451 3237 Thermae
472 3195 599 3254 quarum
620 3177 806 3254 frequentem
826 3177 1008 3237 mentionem
1028 3178 1196 3238 faciendam
1217 3178 1289 3238 mihi
1306 3195 1374 3236 esse
1388 3177 1487 3248 video,
1509 3175 1623 3263 eaedem

308 3285 378 3336 sunt
404 3277 441 3337 de
468 3279 578 3355 quibus
600 3276 767 3340 Sohoenius
789 3279 829 3338 ib.
855 3298 884 3354 p.
904 3277 961 3337 172
984 3280 1069 3339 dixit.
1112 3279 1234 3340 Novum
1255 3296 1392 3338 museum
1412 3277 1624 3354 Pompeianum

300 3378 333 3437 id
353 3377 420 3438 dieo
442 3379 523 3456 quod
542 3397 637 3458 prope
657 3387 774 3458 portam
796 3380 873 3438 della
894 3380 1015 3440 Marino
1034 3400 1130 3458 nuper
1151 3389 1320 3440 extructum
1341 3386 1397 3440 est.

385 3479 506 3539 Titulos
528 3478 711 3542 athoenio
732 3481 898 3558 descriptos
921 3481 1078 3558 editosque
1099 3494 1155 3560 'ego
1177 3501 1297 3560 quoque
1319 3501 1357 3542 ex
1379 3481 1455 3558 ipsis
1476 3479 1557 3539 vasis
1577 3476 1623 3536 de·

303 3580 498 3656 scripseram
526 3581 574 3641 his
599 3582 674 3642 meis
702 3601 770 3642 oum
789 3582 870 3642 illius
892 3583 1039 3659 exemplis
1060 3583 1185 3643 conlatis
1207 3585 1353 3660 potiorem
1374 3582 1512 3643 lectionis
1534 3579 1622 3638 diver·

304 3679 423 3740 sitatem
444 3683 501 3742 hae
522 3684 745 3759 opportunitate
767 3683 869 3742 oblata
887 3682 1100 3760 publioandam
1122 3701 1191 3744 esse
1212 3684 1294 3744 duxi.

676 3869 985 3938 ‘OORRIGENDA
1008 3879 1056 3940 IN
1077 3879 1233 3942 EDITIS.

303 4006 370 4067 roo
390 4007 443 4084 (ao
464 4009 517 4084 Ν,
531 4009 624 4072 2645.
640 4011 746 4090 aoso).
778 4015 889 4101 'Meum
911 4017 1116 4094 apographum
1137 4009 1276 4075 honest:
1370 3995 1381 4002 ”

830 4152 850 4192 o
892 4133 933 4192 m

831 4253 848 4310 o
891 4248 1099 4324 crumnis

304 4447 372 4510 170
395 4451 449 4528 (ad
469 4453 524 4528 lv,
540 4454 646 4533 2650).
689 4456 776 4517 Haeo
797 4457 842 4518 sio
864 4458 1023 4536 descripsit

925 4601 1020 4666 uum
1113 4599 1116 4606 ·

926 4697 1020 4763 ultim

927 4802 1020 4863 inum

927 4902 1020 4970 marm

737 5033 741 5041 ι
878 4983 922 5060 T·
935 4999 1061 5062 cxcv

754 5084 792 5160 L·
806 5098 895 5162 rvru
911 5101 1177 5166 nsnueuotts
