3654 6072
129 612 226 664 28=33
554 610 636 662 VOL·
651 611 666 661 Ι
682 609 1035 672 ANTIQVISSIMARVM.

129 709 539 722 ,-..-...------

129 781 177 841 28
198 784 231 842 in
251 783 319 840 basi
340 780 468 840 rotunda
488 781 605 858 pineae.
648 783 814 842 Praeneste
836 783 918 860 apud
938 784 1137 842 Bonanninrn.

662 933 936 976 ostieni-m

129 1051 301 1128 Descripsit
323 1051 577 1128 Trendelenburg.

130 1258 177 1317 99
202 1259 235 1316 in
262 1259 396 1336 margine
422 1259 563 1328 inferiore
589 1259 672 1318 basis
698 1259 843 1334 rotundae
869 1229 984 1336 pineae.
1027 1261 1191 1321 Praeneste
1216 1264 1248 1321 in
1269 1263 1361 1322 fundo
1384 1265 1459 1326 Bar·

171 1360 326 1418 beriniano
348 1379 411 1435 rep.
434 1380 461 1417 a.
480 1359 568 1418 1863.
611 1359 712 1418 Hodie
734 1360 814 1437 apud
835 1361 1034 1420 Bonanninm.

714 1512 750 1552 i·
767 1510 876 1554 ANICIO

129 1628 294 1690 Henzenus
316 1630 398 1688 Bell.
423 1631 502 1689 1863
523 1650 554 1707 p.
573 1629 629 1688 123
653 1651 672 1689 a
693 1629 858 1689 Cicerohia

170 1731 298 1790 Anicios
318 1731 533 1789 Praenestinos
555 1731 632 1790 alios
655 1732 747 1790 habes
773 1732 799 1803 Ι,
816 1733 948 1791 75-77.

131 1937 179 1996 30
206 1939 239 1996 in
264 1939 331 2014 ipsa
356 1938 445 2012 pinea
469 1937 579 1996 litteris
605 1957 710 2013 parum
733 1941 822 1998 certis
866 1939 1030 1998 Praeneste
1051 1941 1082 1998 in
1104 1941 1192 1999 vinea
1214 1941 1366 2002 Dominici
1388 1943 1462 2004 Oee-

171 2038 240 2097 coni
261 2039 354 2098 adfini
374 2039 479 2096 vineae
500 2057 529 2115 q.
553 2039 582 2097 d.
606 2041 636 2098 le
661 2041 841 2100 Oolombelte.
884 2039 983 2099 Hodie
1005 2042 1084 2117 apud
1105 2042 1307 2102 Bonannium.

629 2190 709 2233 ΜΔΙΟ
725 2192 874 2235 ·AN1c1n·
891 2191 931 2235 Ε·
947 2193 964 2234 F

129 2310 281 2386 Ectypum
295 2310 376 2369 misit
386 2310 548 2369 Henzenus
563 2319 717 2385 acceptum
732 2329 751 2368 a
762 2309 802 2368 D.
814 2311 972 2370 Bonannio
988 2312 1140 2387 ediditque
1155 2313 1237 2372 Ball.
1253 2313 1332 2372 1866
1348 2335 1377 2391 p.
1393 2318 1463 2376 135.

172 2411 470 2487 Trendelenburgius
492 2412 610 2486 excepit
632 2413 689 2469 sie:
713 2427 788 2470 rnrno
801 2413 909 2471 mritis
921 2441 928 2455 ·
941 2429 959 2472 c
971 2441 977 2456 ·
990 2415 1026 2470 el.

131 2617 172 2678 ³1
197 2621 229 2678 in
253 2618 388 2695 margine
415 2619 570 2695 superiore
598 2618 681 2677 basis
703 2618 850 2676 rotundae
871 2619 986 2693 pineae.
1030 2620 1194 2679 Praeneste
1216 2621 1360 2680 infundo
1382 2623 1463 2682 dieto
1485 2609 1492 2624 ⁶

173 2721 204 2778 la
228 2719 401 2780 Colombella
426 2738 489 2796 rep.
517 2741 556 2780 m.
580 2718 662 2796 Sept.
690 2738 719 2778 a.
737 2720 826 2778 1868.
869 2719 969 2778 Hodie
994 2720 1026 2778 in
1050 2721 1144 2780 fundo
1167 2721 1385 2782 Barberiniano
1412 2726 1463 2801 qui

172 2821 282 2880 dieitur
304 2825 334 2880 at
350 2823 441 2898 preti.

632 2917 968 2962 c·nNTON10·nv·F

131 3039 296 3098 Henzenus
319 3039 358 3098 ad
379 3049 521 3116 ectypum
543 3039 668 3097 missurn
690 3057 709 3095 a
731 3038 769 3096 D.
794 3039 952 3098 Bonannio
973 3039 1056 3098 Ball.
1082 3041 1160 3100 1869
1183 3059 1212 3116 p.
1231 3041 1300 3100 165.

173 3140 334 3218 inlepide
356 3147 403 3199 est
422 3155 521 3212 ΜΗ,
543 3159 604 3197 non
627 3154 710 3197 Μ.

132 3347 179 3408 33
200 3350 232 3408 in
253 3348 321 3406 basi
343 3348 491 3423 quadrata
511 3345 627 3422 pineae.
669 3345 745 3422 Rep.
766 3346 933 3408 Praeneste
955 3367 974 3405 a
997 3346 1168 3407 Galeassio.
1294 3361 1298 3368 ·

669 3497 812 3540 anaema
827 3512 834 3527 ·
851 3498 870 3540 C
886 3511 893 3527 ·
909 3499 926 3540 Ρ

130 3620 284 3718 Ectypnm
310 3617 391 3676 misit
411 3616 574 3675 Henzenus
597 3627 751 3694 acceptum
772 3636 791 3674 a
813 3614 978 3689 Cicerehia,
1002 3617 1039 3674 ad
1061 3617 1142 3692 quod
1164 3617 1257 3676 edidit
1278 3617 1360 3678 Bell.
1387 3620 1466 3678 1864

130 3742 161 3799 p.
179 3720 229 3778 21.

1312 3855 1465 3865 ———

131 3927 180 3988 33
207 3928 239 3986 in
263 3927 330 3985 basi
357 3926 506 4001 quadrata
527 3925 642 4000 pineae.
684 3925 850 3984 Praeneste
871 3945 933 4002 rep.
955 3926 987 3982 in
1008 3926 1102 3983 fundo
1124 3944 1153 4002 q.
1176 3926 1203 3984 d.
1228 3927 1259 3984 le
1282 3926 1465 4000 Colombella,

176 4028 265 4087 hodie
287 4030 318 4086 ai
334 4029 427 4102 proti.
496 4105 501 4114 Ι

696 4125 786 4167 arare
801 4138 808 4152 ·
823 4126 865 4165 Α·
887 4125 902 4165 ι

768 4223 835 4266 nnis

131 4310 305 4388 Descripsit
326 4310 583 4388 Trendelenbnrg.

176 4411 257 4488 [Hic
278 4411 383 4496 titulus
405 4420 435 4470 et
456 4431 484 4468 n.
502 4412 539 4470 63
563 4430 599 4469 eo
621 4410 741 4469 nornine
763 4411 911 4469 notabiles
934 4420 1019 4482 sunt,
1041 4411 1122 4487 qnod
1145 4427 1313 4486 cognomen
1333 4412 1467 4470 mulieris

130 4515 247 4573 habent
271 4521 343 4588 post
364 4512 550 4588 gentilicium
573 4512 631 4571 soli
654 4531 692 4570 ex
714 4509 921 4570 Praenestinis
943 4512 1001 4570 his.
1044 4505 1125 4570 Nam
1145 4519 1302 4587 praeterea
1323 4531 1401 4589 qnae
1422 4515 1468 4572 in-

129 4615 296 4676 veniuntur
316 4613 475 4672 mulierum
496 4612 618 4672 nornina
639 4620 757 4688 praeter
771 4612 965 4690 gentilicium,
988 4611 1014 4670 ei
1029 4620 1263 4688 praeponuntur,
1286 4622 1318 4670 ut
1332 4613 1468 4674 Ecclesia

130 4716 154 4788 Ι,
172 4715 228 4788 94;
255 4713 335 4774 Gaia
356 4713 438 4790 (eph.
453 4714 493 4772 49
516 4714 553 4776 ef.
576 4731 605 4770 n.
623 4713 691 4790 69);
718 4712 832 4782 demna,
852 4712 980 4771 fortasse
1002 4731 1057 4787 pro
1081 4711 1209 4785 Gemina,
1231 4711 1257 4785 I,
1274 4712 1329 4785 993
1356 4713 1469 4774 Graeca

129 4817 157 4888 Ι,
176 4815 251 4887 155;
271 4813 406 4890 L(neia)‚
430 4814 456 4871 si
471 4813 576 4874 titulus
591 4820 671 4872 recte
686 4813 781 4871 lectus
797 4820 852 4883 est,
875 4814 942 4890 eph.
959 4812 1012 4883 903
1036 4813 1130 4884 Maio,
1147 4813 1167 4870 i.
1180 4832 1205 4872 e.
1221 4813 1331 4887 Maior,
1353 4815 1380 4889 Ι,
1398 4817 1468 4876 108.

134 4916 206 4975 159.
236 4916 303 4990 eph.
327 4913 538 4974 30.121.127
565 4915 602 4973 of.
625 4915 679 4986 733
709 4913 809 4972 Marte
829 4914 859 4984 Ι,
878 4913 945 4970 149.
974 4913 1041 4989 eph.
1063 4913 1119 4983 643
1146 4913 1246 4986 Mino,
1272 4915 1334 4976 ie.
1357 4917 1467 4988 Minor,

131 5018 162 5092 Ι,
181 5015 233 5074 78.
254 5015 303 5074 97.
322 5015 391 5074 153.
416 5015 484 5074 161.
506 5015 575 5091 eph.
596 5016 644 5072 44.
668 5013 722 5086 80;
750 5015 848 5072 Radia
869 5012 1028 5083 1‚150103
1056 5014 1136 5071 Prtic
1158 5015 1206 5073 vel
1231 5016 1306 5074 Tert.
1331 5018 1397 5091 eph.
1418 5017 1467 5074 51.

134 5118 206 5177 108.
249 5115 336 5175 Haec
357 5117 515 5174 mulierum
536 5116 672 5187 nomina,
695 5115 720 5172 si
743 5114 876 5190 excipias
901 5112 997 5190 Gaiae
1019 5121 1048 5172 et
1070 5114 1191 5174 Tertiae
1214 5125 1243 5176 et
1264 5115 1387 5174 dubium
1409 5117 1468 5176 Lu-

131 5220 212 5292 ciae,
235 5236 296 5276 non
317 5225 468 5291 notantur,
492 5218 547 5278 sed
567 5216 802 5293 perscribuntur,
824 5233 890 5275 eum
916 5215 1048 5274 virorum
1075 5217 1270 5291 praenomina
1290 5217 1394 5294 paneis
1417 5237 1469 5278 ex-
