3620 6080
478 1079 481 1086 ’
600 1054 724 1168 Pllli
760 1052 1098 1169 AVCTOREM
1136 1052 1443 1170 TVTOREM.

918 1320 1122 1334 *-

439 1507 506 1569 ‘Per
531 1503 667 1567 tutorem’
695 1513 725 1566 et
743 1501 849 1567 ‘tutore
874 1502 1005 1567 anctore’
1033 1507 1125 1568 verba
1150 1507 1285 1586 plerique
1311 1493 1486 1585 peritiorum
1512 1508 1556 1568 ita
1581 1507 1682 1567 distin-

357 1619 465 1690 guunt,
491 1615 524 1668 ut
537 1608 624 1668 illud
650 1608 765 1668 dicatur
785 1608 837 1668 ubi
859 1608 942 1668 solus
964 1617 1045 1668 tutor
1065 1627 1127 1669 rem
1149 1617 1289 1686 peragat,
1314 1609 1373 1668 hoc
1394 1611 1444 1669 ubi
1465 1610 1531 1687 ipse
1552 1609 1682 1688 pupillus

356 1732 420 1772 rem
441 1719 534 1790 gerat,
556 1719 638 1769 tutor
658 1717 757 1769 autem
779 1709 907 1770 consilio
921 1691 960 1768 et
981 1709 1160 1769 anctoritate
1180 1709 1333 1787 negotium
1355 1711 1518 1770 confirmet.

440 1815 483 1872 At
504 1829 575 1870 vero
602 1815 751 1890 repugnat
778 1817 882 1869 notum
908 1811 1086 1888 rescriptum
1107 1809 1196 1869 Decii
1221 1811 1412 1887 imperatoris
1434 1811 1478 1884 de¹
1492 1813 1681 1889 possessione

356 1914 463 1976 infanti
484 1907 655 1988 quaerenda
676 1910 712 1970 L.
729 1912 747 1971 3
768 1909 804 1971 C.
827 1912 864 1971 de
884 1928 969 1989 poss.
992 1911 1021 1985 t,
1038 1909 1091 1971 32:
1117 1907 1313 1982 ‘Donatarum
1340 1931 1441 1972 rerum
1469 1931 1488 1970 a
1508 1931 1681 1990 quacunque

356 2033 485 2093 persona
505 2013 613 2072 infanti
633 2028 731 2071 vacua
745 2012 898 2089 possessio
913 2011 1023 2071 tradita
1038 2029 1163 2089 corpore
1179 2011 1340 2089 quaeritur.
1377 2014 1516 2088 quamvis
1532 2014 1612 2073 enim
1626 2015 1682 2072 sint

356 2123 510 2176 anctorum
539 2114 703 2173 sententiae
731 2111 960 2185 dissentientes,
988 2111 1090 2172 tamen
1109 2113 1276 2172 consultius
1297 2113 1425 2187 videtur,
1451 2113 1589 2187 interim,
1616 2115 1681 2174 licet

356 2201 457 2276 animi'
473 2213 582 2292 plenus
603 2231 663 2273 non
684 2213 792 2274 fuisset
813 2215 953 2287 affectus,
974 2197 1199 2293 possessionem
1220 2234 1275 2291 per
1295 2213 1485 2274 traditionem
1506 2231 1576 2275 esse
1597 2235 1681 2292 qnae-

356 2317 464 2379 sitamz,
482 2315 631 2392 alioquin,
654 2315 742 2374 sicuti
762 2315 979 2375 consultissimi
999 2317 1057 2375 viri
1078 2315 1238 2392 Papiniani
1258 2333 1408 2393 responso
1428 2315 1608 2388 continetur,
1632 2335 1681 2376 nec

355 2417 474 2496 quidem
495 2434 550 2493 per
571 2423 700 2476 tutorem
719 2416 826 2476 infanti
839 2417 951 2493 poterit
964 2411 1101 2494 adquiri.³
1135 2434 1232 2493 neque
1246 2417 1325 2475 enim
1339 2425 1372 2476 ut
1386 2417 1468 2476 solus
1483 2425 1567 2477 tutor
1579 2417 1680 2477 infanti

356 2499 580 2597 possessionem
602 2523 728 2595 quaerat
748 2534 805 2577 suo
827 2526 905 2590 actu,
929 2517 982 2576 sed
1003 2523 1120 2577 tantum
1141 2523 1175 2574 ut
1195 2517 1358 2577 auctoritas
1374 2525 1454 2577 recte
1467 2518 1679 2595 interponatur,

353 2635 479 2680 neeesse
504 2624 552 2677 ast
575 2617 672 2697 ipsius
694 2617 817 2677 infantis
837 2613 989 2694 ‘corpore’,
1015 2618 1047 2678 id
1073 2625 1120 2678 est
1147 2618 1400 2694 apprehensione,
1427 2628 1457 2678 et
1482 2619 1583 2680 animo
1608 2618 1681 2681 ‘licet

354 2722 453 2780 miuus
468 2714 576 2796 pleno’,
597 2737 659 2778 non
674 2718 770 2777 solam
785 2717 998 2791 detentionem,
1013 2718 1067 2779 sed
1080 2719 1178 2796 ipsam
1190 2706 1427 2796 ‘possessionem'
1446 2716 1581 2780 ‘interim’
1595 2732 1679 2794 certe,

353 2821 386 2882 id
412 2829 459 2880 est
485 2819 580 2879 donec
606 2826 688 2878 tutor
715 2819 923 2879 auctoritatem
951 2828 1004 2879 aut
1028 2808 1231 2879 accommodet
1252 2827 1304 2878 aut
1325 2820 1466 2897 deneget,
1494 2822 1677 2900 infantiiam
1780 2803 1781 2848 ἶ

354 2939 424 2982 esse
444 2920 622 2997 quaesitam.
660 2925 690 2978 et
708 2919 752 2978 ita
764 2920 889 2998 primus,
911 2920 991 2997 quod
1007 2921 1111 2993 sciam,
1132 2920 1308 2980 Alexander
1321 2917 1537 2982 Constantinus
1553 2921 1679 2984 Scodrea

353 3023 508 3082 Romanus
537 3020 569 3078 iu
597 3019 806 3080 dissertatione
831 3021 869 3080 de
895 3022 1089 3097 possessione
1117 3039 1172 3097 per
1197 3021 1288 3081 alium
1316 3021 1502 3099 adquirenda
1533 3023 1677 3100 (Beroliui

357 3121 451 3197 1865)
473 3138 542 3198 pag.
559 3120 597 3179 37
619 3139 683 3180 rem
705 3121 868 3199 expedivit.
1378 3125 1381 3130 '

439 3220 501 3284 Sed
522 3228 589 3281 utut
609 3221 685 3281 haec
705 3223 817 3283 rectius
839 3241 930 3300 qnam
951 3232 1040 3283 antea
1059 3223 1213 3284 intellecta
1228 3242 1265 3283 ac
1280 3223 1432 3300 disputata
1444 3225 1564 3300 fuerint,
1585 3237 1676 3288 tamen

354 3323 500 3385 eiusmodi
520 3323 682 3382 locutionis
703 3323 801 3383 adhuc
819 3323 943 3384 defuere
964 3324 1145 3384 testimonia.
1180 3325 1372 3402 nequeenim
1386 3328 1490 3403 negari
1505 3329 1604 3404 potuit
1622 3327 1676 3407 ‘per

353 3420 489 3486 tutorem’
511 3433 583 3484 tunc
604 3424 723 3484 demum
745 3423 810 3484 fieri
832 3425 928 3484 videri
949 3425 999 3483 nbi
1022 3425 1104 3486 eolus
1125 3434 1208 3484 tutor
1223 3433 1302 3502 agat,
1324 3443 1384 3484 non
1397 3426 1449 3486 ubi
1461 3427 1571 3504 pnpilli
1584 3431 1676 3509 agenti

354 3526 561 3586 auctoritatem
581 3524 740 3584 dumtaxat
760 3527 977 3585 accommodet:
1004 3525 1041 3585 L.
1059 3526 1110 3584 13
1132 3524 1172 3586 20
1191 3525 1232 3586 D.
1255 3525 1293 3586 de
1315 3543 1398 3603 poss.
1421 3527 1486 3603 (41,
1501 3527 1535 3605 2)
1556 3528 1625 3590 Μ
1644 3529 1674 3591 0.

353 3626 474 3705 qnando
495 3645 535 3686 ex
555 3625 636 3685 iacto
657 3625 765 3684 tutoris
787 3626 832 3702 (5,
847 3625 912 3704 39).
1255 3699 1258 3702 ¹
1288 3697 1291 3704 Ι
1458 3605 1462 3616 ’

436 3726 551 3787 Gratus
577 3724 669 3804 igitur
696 3727 868 3803 supervenit
888 3727 1049 3806 Bingensis
1075 3728 1179 3788 titulus
1205 3729 1382 3805 sepulcralis
1408 3729 1508 3816 editus
1534 3749 1628 3808 nuper
1645 3731 1673 3789 in

351 3827 542 3908 ephemeride
563 3827 789 3904 archaeologica
809 3825 1039 3906 Berolinensi¹)
1059 3829 1225 3888 indubitate
1246 3829 1289 3888 ita
1309 3829 1466 3905 legendus:
1494 3827 1537 3891 Ὁ.
1554 3830 1671 3892 Vescius

307 3909 308 3918 '
352 3925 726 4004 0.lib(ertus){P1-imus
747 3928 846 3988 lanu
868 3928 945 4005 nne)
969 3928 1076 4006 uuus)
1098 3925 1209 4010 epar!
1235 3927 1270 3990 c.
1286 3929 1413 3990 venius
1436 3929 1472 3991 o.
1493 3931 1604 4009 nuru>
1625 3929 1669 3994 se-

350 4047 441 4091 verus
466 4028 471 4105 Ι
495 4036 526 4086 et
549 4027 714 4104 Peregrina
742 4026 777 4088 0.
801 4023 807 4108 Ι
829 4027 920 4088 Vesci
947 4029 1012 4089 iilia
1038 4027 1180 4110 fecerulnt
1206 4049 1261 4108 per
1286 4030 1438 4096 auctorem
1463 4031 1468 4108 Ι
1491 4039 1617 4092 tutorem
1639 4030 1669 4091 C.
1777 4087 1778 4094 ξ

350 4130 461 4191 Vescio
480 4128 485 4206 Ι
504 4123 829 4205 0.1ib(ert0)vaar0.’
861 4148 931 4188 nam
951 4129 995 4190 ibi
1013 4127 1076 4208 ‘per
1096 4125 1232 4190 tutorem’
1253 4149 1309 4208 pro
1329 4127 1435 4192 ‘tutore
1456 4128 1585 4192 anctore’
1605 4132 1669 4192 diei·

350 4241 400 4292 tur
420 4231 509 4308 idque
531 4235 658 4307 apparet
678 4247 739 4289 uon
761 4229 857 4290 solnm
878 4249 918 4290 ex
939 4232 1138 4310 appositione,
1159 4250 1262 4292 verum
1283 4232 1373 4292 etiam
1395 4251 1434 4292 ex
1455 4232 1602 4293 ablativis.

353 4388 556 4400 ι--ῠ

429 4467 452 4529 ¹)
481 4469 516 4519 A.
533 4467 603 4520 1869
623 4449 673 4518 rol.
688 4469 722 4518 2⁷
742 4484 768 4533 p.
782 4470 818 4520 70
841 4469 886 4520 nbi
904 4470 1080 4522 Mommsenus
1101 4471 1257 4537 significavit
1275 4471 1325 4522 sibi
1344 4485 1402 4524 eam
1420 4471 1575 4524 locutionem
1593 4475 1663 4522 ortam
1776 4527 1777 4530 Ἴ

352 4557 433 4609 videri
451 4573 484 4609 ex
503 4557 612 4610 duarum
631 4559 801 4611 formularum
820 4560 940 4626 imperita
958 4561 1117 4613 contusione.

1474 4685 1627 4746 Rvooerr.

784 5394 886 5446 Formis
904 5396 1069 5449 Academicis
1088 5395 1132 5459 (Θ.
1145 5398 1243 5463 Vogt).
