3620 6080
583 621 763 674 nausees.
787 623 990 678 anvnnrvu.
1373 615 1446 686 233

136 713 1448 746 Q

135 787 254 863 positum
280 795 334 847 est.
388 791 516 864 primum
547 792 638 868 igitur
672 799 815 854 restituere
847 804 876 856 et
907 799 1018 872 reficere
1051 801 1186 860 aedificia
1221 803 1282 862 ullo
1316 806 1448 864 notionis
1543 851 1546 858 .

135 887 293 947 discrimine
315 891 434 948 differre
456 911 517 950 non
539 893 685 965 videntur,
710 896 740 952 id
762 899 842 971 quod
865 900 995 956 maxime
1022 902 1101 960 curis
1124 903 1260 978 Capitolii
1283 895 1449 964 restituendi

134 987 165 1045 de
179 1006 235 1062 qua
247 987 325 1048 infre
339 991 552 1058 dicemuscum
567 995 751 1054 triumvirum
765 999 884 1056 cedibus
898 1001 1055 1073 reficiendis
1073 1011 1104 1060 et
1118 1003 1343 1079 quinquevirum
1357 1009 1448 1066 muria

133 1091 302 1165 terribileque
322 1093 478 1167 reficiendis
501 1093 580 1168 (Liv.
602 1093 651 1166 25,
673 1095 705 1169 7)
721 1097 846 1157 conlatis
869 1111 1001 1175 apparet.
1036 1103 1089 1160 sed
1110 1121 1183 1162 usus
1205 1105 1267 1163 iere
1289 1113 1447 1182 utrumque

131 1189 297 1248 vocabulum
318 1192 361 1250 ita
382 1195 533 1266 discrevit,
555 1202 588 1264 nt
610 1195 660 1271 qui
680 1195 822 1256 reiectum
845 1201 1012 1259 aedificium
1034 1203 1205 1262 dedicarent
1224 1224 1286 1264 non
1306 1207 1446 1266 refecisse

129 1289 157 1346 id
177 1291 226 1349 sed
246 1293 413 1352 restituisse
435 1311 467 1351 se
489 1302 679 1368 testarentur,
701 1305 898 1358 attestantur
919 1303 1036 1360 aedium
1058 1323 1209 1364 sacrarum
1230 1308 1320 1378 tituli,
1341 1317 1446 1366 contra

128 1390 216 1466 ipsam
242 1410 363 1470 operam
388 1395 420 1452 in
446 1397 628 1454 restituendo
654 1399 831 1456 collocatam
858 1402 1011 1460 reficiendi
1033 1406 1177 1464 vocabulo
1199 1407 1351 1483 appellare
1371 1410 1444 1466 mal-

127 1491 192 1562 lent,
213 1501 244 1550 ut
264 1494 337 1552 fecit
356 1496 423 1572 ipse
438 1496 593 1571 Augustus
614 1498 646 1555 in
666 1518 765 1557 rerum
786 1509 936 1574 gestarum
958 1503 1064 1562 indice.
1099 1506 1180 1563 nullo
1198 1505 1289 1582 igitur
1301 1517 1445 1583 quantum

125 1591 235 1666 quidem
268 1596 404 1671 nqverim
435 1597 546 1655 indicio
578 1601 790 1674 comprobatur
820 1597 985 1660 reficiendi
1003 1600 1125 1680 operam
1149 1607 1228 1664 intra
1253 1607 1447 1686 angustiores

126 1709 205 1767 quem
230 1696 407 1754 restituendi
433 1697 509 1756 fines
537 1715 604 1756 sese
630 1700 790 1758 continere.
834 1703 885 1760 'sed
911 1721 999 1778 quem
1021 1705 1058 1762 ad
1079 1707 1168 1765 finem
1189 1708 1247 1766 boc
1267 1711 1444 1769 restituendi

126 1793 299 1855 reficiendivi
323 1815 431 1855 munus
452 1799 600 1874 pertineat
622 1810 703 1859 certo
725 1802 865 1876 exemplo
887 1801 1067 1880 Capitolium
1089 1815 1134 1864 ter
1157 1809 1324 1867 restitutum
1346 1811 1443 1882 docet,

126 1894 166 1952 bis
185 1895 227 1954 ita
247 1905 281 1955 ut
303 1900 339 1956 de
360 1900 423 1956 solo
443 1901 632 1959 reficiendum
646 1902 743 1960 fuerit.
776 1923 845 1962 uam
867 1912 896 1960 et
912 1903 948 1978 Q.
966 1903 1106 1964 Catulum
1125 1905 1263 1984 Capitolii
1275 1914 1443 1970 reintrandi

123 2006 270 2056 curatorem
291 1997 392 2058 Varro
414 2007 541 2058 testatur
568 2001 662 2078 (apud
690 2000 768 2061 Gell.
793 2001 822 2073 2,
847 2004 899 2080 10)
922 2023 1023 2064 aream
1045 2005 1147 2083 templi
1169 2019 1291 2084 propter
1311 2012 1441 2071 sarissas

123 2115 176 2162 non
199 2100 337 2174 potuisse
365 2101 531 2177 deprimere
553 2109 586 2172 et¹
603 2103 717 2161 eisdem
742 2105 878 2180 vestigiis
900 2123 960 2181 qua
982 2115 1065 2166 vetus
1085 2108 1175 2166 fiierit
1201 2129 1310 2169 novam
1334 2112 1441 2173 iecisse

121 2195 279 2275 Dionysius
305 2201 348 2276 (4,
373 2202 426 2276 61)
456 2211 485 2260 et
505 2203 660 2262 columnas
681 2205 896 2282 materiamque
917 2225 1034 2266 omnem
1056 2209 1185 2286 undique
1209 2213 1442 2288 magnificentis-

121 2299 218 2358 simam
239 2311 413 2377 asportasse
435 2303 493 2375 alfi,
522 2322 647 2379 quorum
669 2305 840 2364 testimonia
862 2307 1019 2383 diligenter
1039 2309 1075 2367 L.
1099 2309 1134 2368 B.
1158 2309 1283 2388 Suphan
1309 2313 1360 2388 (de
1383 2313 1441 2373 Ca-

119 2399 215 2475 pitolio
235 2402 387 2475 Romane,
409 2403 482 2462 diss.
498 2404 639 2464 Hellensi
653 2424 680 2464 a.
700 2406 793 2482 1866)
815 2409 992 2484 composuit.
1035 2412 1139 2470 rursus
1161 2413 1228 2486 ipsa
1248 2409 1441 2473 firndamenta

119 2510 209 2560 vetere
235 2503 335 2562 forma
362 2521 422 2561 non
448 2513 563 2564 mutata
587 2507 667 2564 iacta
692 2523 760 2565 esse
787 2507 825 2565 ab
847 2509 918 2584 imp.
941 2510 1140 2585 Vespasiano,
1166 2515 1218 2588 qui
1240 2533 1337 2572 curam
1357 2520 1440 2574 resti·

119 2605 207 2662 aare
233 2604 372 2680 captata
401 2606 433 2663 sn
459 2587 496 2663 L.
519 2606 678 2666 Vestinum
711 2609 858 2679 catuleas,
892 2617 995 2667 auctor
1021 2620 1068 2669 est
1094 2612 1217 2672 Tacitus
1245 2615 1313 2673 hist.
1337 2616 1366 2688 4,
1389 2617 1438 2675 sa.
1497 2611 1500 2616 ·

117 2704 212 2762 eodem
240 2707 333 2764 modo
361 2708 398 2766 ab
420 2695 597 2772 Domitiano
624 2727 695 2766 num
724 2713 884 2767 restitutum
909 2708 1083 2787 Capitolium
1109 2713 1149 2771 sit
1175 2746 1215 2757 —
1241 2735 1311 2774 nam
1326 2717 1375 2776 ita
1394 2717 1440 2775 in-

117 2804 248 2880 scriptum
276 2813 326 2865 est
346 2809 474 2866 nummis
496 2809 561 2867 eius
584 2841 623 2852 -
646 2809 829 2884 ignoramus.
872 2811 932 2868 iam
959 2812 1050 2870 aedes
1080 2830 1192 2886 sacras,
1219 2833 1294 2891 quae
1318 2817 1440 2892 quidem

116 2906 217 2981 templa
228 2908 351 2980 fuerint,
366 2909 409 2966 ita
422 2909 503 2968 facta
525 2927 590 2968 esse
611 2917 738 2982 constat,
759 2918 793 2968 ut
812 2911 984 2987 regionibus
1006 2915 1044 2972 ab
1063 2932 1173 2991 augure
1194 2917 1225 2974 in
1241 2917 1306 2975 solo
1321 2917 1440 2993 publico

115 3005 198 3066 finitis
218 3017 465 3068 consecrarentur
486 3029 505 3067 a
525 3010 727 3087 pontificibus,
749 3019 940 3071 consecratae
962 3013 1168 3074 dedicarentur
1182 3037 1201 3074 a
1215 3019 1439 3094 magistratibus

114 3106 188 3167 eisve
208 3111 259 3186 qui
282 3111 322 3168 ed
347 3112 378 3169 id
398 3111 497 3187 ipsum
518 3111 695 3170 nominatim
721 3113 814 3170 creati
839 3122 956 3172 essent:
983 3133 1053 3173 nam
1078 3117 1123 3173 ita
1148 3117 1309 3192 loquuntur
1334 3119 1439 3194 Livius

114 3203 212 3268 Cicero
234 3212 303 3284 alii3
324 3229 383 3287 quo
404 3213 452 3270 die
474 3220 572 3270 autem
587 3213 740 3271 dedicatae
761 3223 862 3272 essent
882 3233 949 3272 eum
970 3215 1070 3291 ipsum
1090 3223 1232 3292 tanquam
1246 3221 1377 3278 natalem
1391 3219 1439 3279 dei

113 3308 218 3369 domini
239 3313 325 3371 aedis
348 3331 419 3372 suec
440 3315 472 3371 in
493 3313 589 3372 fastos
610 3314 736 3372 relatum
759 3332 851 3390 supra
871 3314 1010 3372 vidimus.
1042 3335 1098 3375 nec
1120 3317 1146 3374 si
1168 3335 1222 3391 pro
1241 3318 1437 3393 dedicatione,

112 3428 194 3485 quam
214 3414 343 3473 Verrius
364 3414 493 3472 Flaccus
518 3421 692 3473 constanter
718 3415 892 3486 nominavit,
920 3415 972 3472 alii
993 3416 1086 3474 veluti
1108 3414 1217 3474 Festus
1239 3438 1268 3493 p.
1286 3418 1345 3476 257
1367 3438 1436 3478 con-

112 3515 303 3574 secrationem
326 3516 520 3588 substituunt,
552 3516 709 3592 quicquam
731 3515 768 3572 de
796 3533 829 3572 re
855 3514 923 3590 ipsa
948 3522 1080 3574 mutatur
1105 3524 1158 3575 aut
1184 3519 1310 3594 cogitari
1336 3527 1437 3596 potest

110 3613 143 3672 de
164 3616 388 3676 consecratione
414 3617 471 3676 soli
500 3635 589 3693 quam
617 3635 636 3674 a
657 3615 882 3674 consecratione
910 3615 1040 3674 aedificii
1067 3616 1216 3676 diversam
1243 3636 1312 3677 esse
1338 3621 1437 3680 infeli-

110 3715 177 3773 citer
195 3716 387 3776 Luebbertus
419 3719 546 3776 secrevit
571 3735 607 3775 eo
634 3717 773 3794 exemplo
802 3733 877 3774 usus
905 3716 986 3791 quod
1018 3715 1097 3775 inira
1129 3719 1330 3778 tractabimus
1374 3741 1435 3780 non

109 3817 198 3894 tetigit
219 3820 301 3877 hanc
321 3838 385 3877 rem
406 3818 557 3878 Nissenus
580 3818 741 3894 (Templum
762 3836 791 3892 p.
810 3818 868 3876 188
891 3817 932 3893 s.)
960 3837 1026 3875 cum
1048 3818 1124 3876 dixit
1144 3820 1294 3879 natalibus
1317 3821 1435 3882 aedium

108 3919 241 3996 regiones
267 3939 372 3978 earum
398 3920 436 3978 ad
463 3920 537 3978 solis
566 3927 662 3977 ortum
695 3919 824 3977 directas
857 3935 925 3976 esse
957 3918 1141 3996 deorumque
1169 3923 1286 3980 natales
1314 3925 1435 3982 vocavit

108 4021 291 4079 conditarum
316 4021 433 4080 aedium
459 4021 575 4079 natales
596 4021 744 4078 vocabulo
771 4036 843 4078 usus
871 4019 1011 4096 ambiguo
1034 4019 1316 4098 (Grdoduapatope).
1359 4025 1433 4084 haec

107 4119 264 4181 difficultas
292 4141 352 4180 non
385 4122 472 4180 video
505 4141 564 4199 quo
597 4121 723 4180 artificio
755 4121 832 4179 solvi
864 4121 962 4197 possit
994 4119 1189 4198 (quamquam
1222 4123 1339 4183 solvere
1372 4144 1432 4185 non

106 4240 200 4282 meum
232 4223 293 4299 est)
326 4224 387 4282 nisi
418 4232 585 4282 statuamus
617 4240 653 4280 eo
684 4222 750 4297 ipse
783 4222 845 4294 die,
882 4241 941 4298 quo
974 4223 1119 4298 templum
1150 4223 1261 4282 factum
1296 4225 1353 4283 boc
1386 4235 1432 4284 est

106 4323 225 4384 effetum
272 4325 491 4401 liberatumque
532 4326 570 4382 ab
607 4323 770 4399 auguribus
811 4323 1010 4398 regionesque
1054 4325 1156 4382 finitae
1196 4333 1311 4398 essent,
1360 4333 1431 4402 post

104 4442 246 4486 annorum
269 4427 453 4502 singulorum
474 4425 642 4501 pluriumve
662 4425 822 4484 decureum
844 4425 933 4483 aedes
955 4424 1105 4484 dedicatas
1127 4442 1203 4484 esse.
1247 4444 1282 4484 ac
1304 4443 1376 4484 sane
1398 4429 1430 4486 in

103 4527 223 4586 annales
251 4529 385 4586 relatum.
406 4527 575 4585 invenimus
600 4526 678 4583 inter
703 4534 804 4584 votam
831 4533 1005 4601 coeptamve
1032 4532 1084 4584 aut
1109 4527 1239 4584 locatam
1267 4527 1371 4584 aedem
1393 4546 1428 4586 ac

103 4627 267 4687 dedicatam
287 4637 362 4704 quot
382 4646 528 4686 annorum
551 4627 682 4703 spatium
702 4626 880 4698 interfuerit,
906 4626 1065 4702 atquibus
1089 4627 1192 4685 diebus
1217 4626 1280 4685 fieri
1304 4636 1427 4704 coeptae

103 4727 161 4787 sint
188 4730 349 4788 admodum
375 4729 452 4787 raris
479 4734 509 4786 et
533 4727 593 4786 nisi
618 4727 690 4804 quid
711 4735 763 4784 me'
778 4727 890 4803 fugerit
910 4727 1006 4786 tribus
1026 4727 1089 4785 fere
1110 4727 1256 4804 exemplis
1277 4729 1427 4804 proditum

101 4837 153 4887 est.
196 4849 274 4907 quae
302 4829 442 4906 exempla
467 4846 527 4887 uno
554 4846 606 4886 ore
633 4827 764 4886 clamant
788 4828 927 4907 *diversos
949 4845 1017 4887 esse
1038 4829 1174 4904 potuisse
1195 4829 1313 4887 natales
1336 4831 1362 4889 si
1383 4832 1426 4888 ita

101 4929 197 4990 dicere
218 4931 290 4990 licet
309 4938 463 5006 utrosque.
506 4925 645 5006 primum
661 4928 740 4986 enim
765 4948 847 4987 aram
867 4929 958 4987 Pacis
979 4929 1137 5007 Augustae
1159 4933 1336 4988 conrfitutcm
1358 4949 1425 4992 esse

101 5030 147 5089 die
167 5031 228 5090 Iul.
251 5035 270 5092 4
291 5054 318 5093 a.
338 5032 408 5104 740,
441 5032 600 5090 deductum
630 5029 679 5088 die
710 5027 775 5086 Ian.
799 5029 838 5088 30
870 5048 898 5087 a.
922 5030 982 5088 745
1014 5030 1087 5088 fasti
1118 5037 1274 5089 testantur.
1317 5033 1425 5092 deinde

101 5129 245 5209 Capitolii
257 5133 435 5194 restituendi
457 5150 550 5192 causa
565 5151 637 5192 area
656 5132 784 5190 lustrata
804 5136 851 5189 est
870 5131 909 5188 ab
931 5131 1002 5206 imp.
1018 5129 1208 5206 Vespasiano
1230 5133 1279 5191 die
1292 5132 1364 5191 Ium'
1383 5133 1422 5192 21

102 5231 191 5307 (Tac
211 5236 242 5294 h.
262 5237 292 5310 4,
315 5235 380 5313 53),
406 5253 474 5294 cum
500 5233 629 5295 natalem
649 5233 733 5294 Iovis
758 5233 907 5294 mansisse
934 5231 1012 5292 diem
1043 5231 1078 5291 13
1102 5231 1185 5310 Sept.
1207 5252 1267 5292 uon
1294 5233 1424 5293 dubitari
