3620 6080
333 593 379 666 27
385 592 406 664 6
903 607 1094 684 uouusnrr*

331 783 410 844 lemo
432 789 530 842 aetate
543 779 690 841 Hadriani
710 776 856 857 clarus.²)
888 779 954 840 Iam
976 797 1043 839 cum
1058 777 1204 839 Claudius
1220 779 1383 854 imperator
1404 797 1431 838 a.
1447 779 1485 838 41
1502 779 1667 840 Polemoni

331 902 387 962 pro
408 900 502 960 regno
523 881 701 960 Bosporano
727 881 827 940 ablato
854 889 969 958 partem
992 879 1115 940 Ciliciae
1141 875 1308 955 dederit²),
1338 878 1422 939 Nero
1444 887 1543 939 autem
1569 900 1597 939 a.
1621 879 1663 940 63

330 984 461 1044 Pontum
482 983 514 1042 in
534 983 707 1061 provinciae
726 982 855 1042 formam
875 981 1032 1058 redegerit,
1054 981 1196 1040 credibile
1217 989 1265 1040 est
1286 999 1423 1040 nummos
1444 981 1515 1040 illos
1536 981 1579 1040 M.
1596 981 1666 1040 An·

331 1085 408 1145 tonii
427 1085 548 1144 nomina
567 1085 715 1161 inscripta
735 1083 880 1142 babentes
901 1081 989 1142 datos
1012 1099 1079 1142 esse
1099 1101 1154 1158 per
1174 1090 1310 1158 tempora
1324 1079 1493 1142 Claudiana
1511 1091 1541 1141 et
1561 1089 1667 1160 poste·

331 1187 422 1259 riora,
447 1184 616 1246 Zenonldes
638 1193 738 1245 autem
765 1184 887 1244 amissis
911 1183 1012 1262 regnis
1033 1183 1159 1243 rediisse
1180 1184 1219 1242 ad
1240 1191 1350 1242 statum
1371 1183 1499 1259 primum
1520 1183 1668 1260 dynasta·

331 1305 398 1348 rum
425 1285 536 1358 Olbae,
569 1304 658 1362 quem
689 1285 890 1364 principatum
922 1293 1076 1364 acceptum
1105 1304 1124 1343 a
1150 1283 1278 1345 Claudio
1306 1284 1396 1344 etiam
1423 1285 1534 1344 amisso
1560 1285 1667 1344 Ponto

331 1387 515 1464 aliquamdiu
536 1387 675 1447 videntur
694 1387 866 1460 retinuisse,
888 1386 995 1446 deinde
1015 1385 1226 1465 principalium
1247 1387 1356 1446 civium
1377 1385 1554 1446 Laodiceae.

418 1843 504 1906 XIV.
549 1842 825 1906 COROLLARIA
845 1841 904 1902 DE
927 1841 1182 1904 CLEOPATRA
1202 1843 1335 1903 IVBAE
1355 1841 1568 1920 DOMOQVE

644 1942 862 2005 ARCHELAI
882 1943 1009 2006 REGIS
1033 1943 1346 2006 CAPPADOCIAE.

413 2132 463 2192 De
489 2129 651 2206 Cleopatra
675 2129 827 2188 Antoniae
852 2129 916 2188 lilia
946 2149 1022 2206 quae
1050 2147 1142 2206 supra
1168 2129 1232 2188 dixi
1258 2148 1324 2190 oum
1350 2131 1382 2189 in
1408 2130 1531 2190 dubium
1557 2131 1665 2190 vocari

331 2251 422 2311 posse
443 2232 629 2310 intellegam,
656 2241 812 2308 praeterea
832 2231 1016 2307 comparatio
1038 2229 1222 2290 condicionis
1244 2231 1309 2292 eius
1335 2239 1364 2291 et
1384 2231 1599 2309 Pythodoridis
1620 2233 1666 2292 ad

330 2355 394 2395 rem
414 2335 514 2394 facere
534 2333 687 2406 videatur,
708 2333 745 2392 de
766 2333 834 2410 ipsa
854 2351 951 2409 pauca
970 2333 1063 2390 verba
1084 2332 1253 2411 adiungam.
1296 2333 1424 2394 Liberos
1445 2334 1596 2392 Antonius
1618 2353 1663 2393 ex

331 2434 494 2516 Cleopatra
514 2433 645 2511 Aegypti
665 2435 769 2510 regina
790 2433 923 2508 suscepit
943 2451 1004 2491 non
1024 2452 1079 2510 per
1100 2451 1196 2492 annos
1219 2431 1344 2507 712114,
1371 2453 1430 2512 quo
1451 2453 1518 2494 oum
1543 2453 1581 2494 ea
1600 2435 1665 2494 fuit

329 2539 459 2617 primum
480 2537 511 2595 in
534 2534 650 2606 Cilicia,
675 2534 783 2593 deinde
804 2535 1026 2606 Alexandriae,
1053 2534 1106 2592 sed
1127 2541 1287 2612 postquam
1309 2554 1375 2595 eam
1396 2556 1423 2596 a.
1447 2536 1506 2594 717
1530 2546 1664 2596 exeunte

329 2647 382 2699 aut
403 2657 430 2697 a.
453 2639 573 2696 demum
595 2635 654 2694 718
676 2636 707 2694 in
731 2634 850 2714 Syriam
877 2635 915 2693 ad
944 2653 976 2695 se
1002 2635 1130 2694 vocavit.
1179 2635 1216 2694 Id
1243 2637 1318 2696 satis
1348 2643 1450 2714 aperte
1475 2637 1661 2698 Plutarchus

327 2741 441 2800 indicat
463 2738 547 2814 (Ant.
569 2735 623 2812 36)
644 2737 827 2814 requiritque
844 2739 953 2794 'rerum
979 2737 1070 2808 ord03
1096 2755 1192 2813 neque
1214 2739 1292 2797 enim
1314 2738 1400 2798 liberi
1427 2739 1472 2797 illi
1499 2741 1562 2800 nati
1587 2750 1662 2798 sunt

328 2857 389 2918 quo
409 2849 543 2915 tempore
563 2837 714 2896 Antonius
735 2837 861 2896 Fulviae
883 2837 1008 2896 maritus
1030 2846 1103 2910 erat,
1133 2837 1186 2895 sed
1207 2857 1266 2914 quo
1292 2848 1428 2916 tempora
1448 2841 1572 2900 maritus
1593 2853 1662 2902 crat

329 2940 483 3001 Octaviae.
527 2931 597 2996 Non
618 2947 698 2996 recte
711 2938 803 3014 igitur
823 2937 902 3009 inde,
924 2938 1004 3014 quod
1024 2937 1084 2996 Dio
1100 2939 1150 3011 49,
1174 2937 1212 2998 32
1236 2939 1275 2998 ad
1296 2959 1322 3000 a
1340 2939 1400 3000 718
1421 2941 1510 3000 trium
1530 2942 1662 3002 Antonii

327 3049 358 3101 et
373 3039 551 3117 Cleopatrae
569 3038 730 3097 liberorum
751 3039 930 3098 mentionem
951 3039 1032 3112 facit,
1054 3041 1251 3117 gemellorum
1272 3041 1397 3102 duorum
1417 3050 1491 3102 natu
1511 3043 1660 3104 maiorum

326 3141 495 3202 Alexandri
516 3149 547 3199 et
560 3137 739 3216 Cleopatrae
752 3139 891 3216 tertiiqua
905 3140 1083 3213 Ptolemaei,
1096 3142 1293 3203 Drumannus
1313 3143 1397 3219 (hist.
1416 3146 1443 3214 1,
1459 3143 1514 3220 28)
1536 3147 1662 3224 collegit

325 3245 406 3304 bunc
431 3259 466 3302 eo
494 3242 562 3319 ipso
587 3260 666 3300 anno
693 3248 796 3298 natum
823 3258 906 3313 esse3
932 3243 1024 3299 immo
1053 3241 1113 3301 Dio
1138 3243 1241 3318 paullo
1262 3245 1387 3304 liberius
1409 3247 1596 3323 exspatiatus
1618 3249 1659 3306 de

325 3345 451 3406 Antonii
478 3351 508 3402 et
529 3341 709 3420 Cleopatrae
733 3342 834 3400 liberis
856 3343 888 3400 in
909 3343 1081 3402 universum
1103 3345 1237 3422 exponit.
1282 3343 1445 3424 Cleopatra
1468 3347 1561 3424 igitur
1586 3359 1661 3410 nata

325 3453 373 3506 est
394 3453 446 3505 aut
467 3465 492 3504 a
510 3445 569 3504 718
592 3453 725 3503 extremo
743 3451 793 3502 aut
807 3444 992 3520 probabilius
1006 3463 1084 3504 anno
1100 3455 1253 3522 sequente.
1267 3480 1309 3492 --
1330 3446 1399 3524 Quo
1414 3455 1549 3526 tempore
1562 3450 1658 3510 Iubae

324 3547 475 3623 nupserit,
507 3545 696 3622 aliquatenus
728 3544 857 3621 produnt
887 3545 1002 3603 nummi
1033 3546 1187 3624 utriusque
1219 3549 1316 3624 capite
1341 3547 1476 3626 insignes
1502 3549 1662 3629 adscripta

324 3647 470 3706 babentes
503 3646 542 3704 ad
572 3647 631 3704 viri
644 3699 648 3706 .
662 3653 751 3722 caput
782 3646 874 3704 verba
900 3665 952 3704 rec
979 3646 1055 3705 Iuda
1080 3652 1156 3724 rapis
1181 3649 1267 3708 171777
1285 3651 1313 3724 f.
1339 3649 1449 3727 777977)
1475 3651 1581 3728 a(aa0)
1612 3653 1665 3713 VI

327 3747 377 3823 (L.
406 3746 533 3806 Mueller
565 3765 639 3806 aum.
667 3747 702 3806 do
724 3745 867 3823 l'Asriqoe
893 3747 922 3820 3,
952 3745 1035 3823 108).
1078 3747 1217 3825 Regnum
1244 3751 1450 3811 Mauretaniae
1480 3770 1547 3814 cum
1578 3753 1662 3815 Iuba

326 3848 493 3906 obtinuisse
518 3847 655 3906 videatur
677 3866 704 3905 a.
726 3868 755 3906 u.
776 3865 801 3906 o.
825 3846 884 3906 729
906 3845 957 3924 (L.
979 3849 1108 3908 Mueller
1131 3850 1150 3909 l.
1173 3867 1198 3909 o.
1220 3870 1250 3928 p.
1276 3851 1360 3928 114),
1386 3853 1490 3931 nupsit
1516 3855 1544 3913 ei
1567 3853 1659 3916 Cleo-

324 3956 412 4026 patra
433 3965 493 4008 non
514 3955 583 4024 post
604 3967 632 4007 a.
655 3949 732 4021 734,
760 3965 819 4024 quo
847 3967 884 4006 ea
909 3969 1020 4008 annum
1045 3951 1154 4028 agebat
1173 3951 1309 4028 quintum
1330 3953 1487 4022 decimum.
1530 3940 1661 4018 Nummi

324 4059 429 4110 extant
457 4057 518 4109 tam
544 4048 678 4128 argentei
702 4067 794 4124 quam
822 4050 907 4110 aenei
929 4050 981 4108 alii
1007 4051 1071 4110 eius
1094 4051 1187 4112 solius
1214 4055 1334 4112 nomine
1362 4056 1514 4134 inscripti,
1541 4059 1659 4122 scilicet

324 4143 493 4233 Κλεοπάτρα
520 4141 705 4217 βασίλισσα,
737 4158 767 4210 et
793 4151 901 4227 signati
928 4153 1025 4228 capite
1054 4155 1120 4213 eius
1145 4155 1230 4232 regio
1257 4155 1424 4216 diademate
1450 4167 1572 4233 ornato,
1601 4162 1657 4222 alii

323 4252 405 4329 iique
431 4251 535 4328 plures
557 4250 679 4310 nomina
703 4269 753 4309 rec
774 4253 850 4310 luda
870 4260 900 4311 et
921 4244 1086 4314 Θοσΐλοσσο
1107 4246 1277 4339 Κλεοπάτρα
1298 4276 1462 4336 eorumque
1485 4263 1587 4338 capita
1606 4263 1654 4322 ita

323 4355 550 4433 coniungentes,
572 4359 606 4410 ut
626 4359 727 4427 aperte
748 4353 891 4430 coniuges
914 4353 971 4412 sibi
992 4356 1232 4432 aequiparentur.
1271 4357 1316 4418 Oa
1332 4364 1469 4436 poorroit
1489 4363 1656 4436 domaader,

322 4455 486 4516 Muellerus
509 4455 552 4513 ait
566 4473 596 4530 p.
613 4452 683 4523 116,
706 4457 733 4512 ai
748 4455 787 4512 lea
807 4457 953 4513 monadica
975 4459 1025 4534 qai
1034 4457 1199 4532 7777771777
1220 4459 1245 4516 77
1264 4477 1329 4518 nom
1351 4471 1378 4520 et
1398 4461 1428 4518 la
1447 4462 1500 4522 7777
1521 4465 1556 4522 de
1573 4465 1655 4524 0777-

317 4566 415 4632 patre,
438 4576 477 4616 ou
500 4557 591 4614 moine
613 4555 695 4613 777777
718 4557 754 4613 orl
774 4573 808 4613 ae
829 4573 859 4614 77
880 4566 1007 4616 trouvent
1023 4576 1082 4634 poa
1108 4559 1133 4616 77
1154 4577 1218 4617 acm
1240 4569 1267 4618 et
1287 4561 1318 4619 lo
1339 4561 1550 4637 daedalum,
1575 4559 1657 4631 a’ont

270 4718 274 4725 ,
317 4674 376 4728 poa
404 4658 446 4714 777
465 4658 607 4734 frappdea
634 4675 667 4714 77
691 4666 771 4716 verta
797 4657 881 4715 77777
903 4659 1026 4717 77777717
1045 4663 1209 4720 concoctae
1235 4679 1271 4720 oo
1299 4662 1369 4720 7777
1394 4663 1473 4722 droit
1496 4667 1656 4728 mmcdtairc

319 4755 455 4813 occorde'a
482 4759 742 4830 porticolilremoat
769 4759 789 4816 cl
816 4766 883 4817 cetto
910 4761 1000 4832 77777,
1038 4769 1069 4819 et
1098 4761 1169 4821 licet
1197 4763 1264 4838 ipse
1292 4763 1325 4822 id
1350 4763 1399 4824 ius
1431 4775 1520 4842 neget
1549 4769 1653 4846 magis

321 4913 524 4930 *—

322 5123 343 5174 c
371 5036 434 5180 1¹³3
448 5039 620 5094 Philostratus
651 5046 695 5096 vit.
723 5047 797 5112 soph.
825 5051 849 5110 1,
879 5049 922 5112 25,
953 5049 982 5099 3:
1013 5038 1143 5108 Ἀντώνιος
1173 5048 1305 5120 Πολέμων.
1357 5052 1459 5110 Titulus
1489 5055 1651 5120 Smymaens

345 5129 561 5180 ..nfflffl.
1542 5137 1543 5141 ¹

395 5215 491 5282 2)1)1ο
512 5221 556 5282 60,
577 5224 604 5275 8.
