3620 6080
360 567 433 638 292
929 583 1110 636 mouusnu

359 760 397 818 iis
425 759 477 834 qui
502 757 534 814 in
559 755 617 814 lide
643 753 846 812 Romanorum
872 763 1077 813 remanserant
1102 755 1224 832 (Polyb.
1252 755 1301 830 tt,
1326 761 1357 829 13
1382 758 1449 818 Liv.
1470 760 1518 831 42,
1539 762 1585 833 43,
1603 764 1659 840 44),

249 885 253 891 ’
361 859 457 918 multo
478 855 574 932 magis
595 857 626 914 in
647 855 685 912 iis
707 854 758 929 qui
780 853 968 912 desciverant
989 857 1141 914 observari
1156 857 1281 930 debuit,
1309 859 1409 935 itaque
1430 879 1494 918 cum
1516 859 1659 922 Coronaeis

362 967 460 1018 actum
489 975 557 1016 esse
581 955 686 1014 Livius
713 955 755 1012 cit
782 954 845 1028 (43,
868 955 897 1026 4,
926 955 992 1030 ll).
1035 955 1116 1030 Quid
1141 965 1239 1016 actum
1260 960 1300 1017 sit
1327 979 1394 1018 cum
1416 961 1576 1033 Thisbaeis,
1595 963 1661 1021 bonu

361 1060 480 1118 fortuna
511 1059 569 1116 iam
601 1056 841 1131 recuperavimus
873 1056 952 1112 nacti
979 1059 1240 1115 senatusconsulta
1265 1060 1324 1117 duo
1357 1060 1394 1118 de
1420 1060 1570 1120 Thisbaeis
1594 1063 1661 1122 lacta

364 1163 490 1220 alterum
513 1158 541 1215 d.
564 1156 631 1216 Oct
654 1157 684 1227 9,
706 1155 831 1214 alterum
855 1155 883 1212 d.
900 1154 967 1214 Oct.
986 1157 1023 1213 14
1045 1176 1070 1214 a.
1088 1158 1158 1228 584,
1178 1157 1210 1216 id
1231 1168 1277 1217 est
1298 1178 1375 1217 anno
1396 1160 1458 1218 fere
1478 1170 1543 1236 post
1562 1161 1660 1220 deditas

362 1262 502 1321 Thisbes.
536 1257 650 1316 sVerba
674 1257 807 1314 fecerunt
834 1257 864 1313 in
897 1264 1022 1332 utraque
1054 1258 1169 1315 actione
1197 1259 1357 1331 Thisbaei,
1390 1261 1505 1319 scilicet
1526 1261 1661 1320 Romanae

361 1363 455 1440 partis
480 1358 628 1435 principes
654 1357 781 1414 Romam
809 1356 942 1431 profecti.
986 1357 1052 1415 Illis
1074 1358 1164 1434 igitur
1185 1368 1323 1432 senatus,
1351 1369 1384 1418 ut
1404 1361 1499 1433 aiunt,
1527 1361 1605 1418 dctus
1623 1369 1663 1420 est

362 1482 381 1522 a
403 1462 440 1538 Q.
463 1459 582 1520 Maenio
603 1464 749 1533 praetore.
793 1455 873 1514 Nam
895 1457 1052 1515 consulere
1073 1467 1219 1530 senatum,
1245 1459 1277 1516 id
1298 1469 1345 1518 est
1367 1479 1473 1538 cogere
1493 1480 1565 1532 eum,
1588 1470 1614 1518 et
1631 1462 1662 1518 ad

367 1583 433 1622 eum
449 1561 568 1633 referre,
583 1559 614 1616 id
635 1567 681 1616 est
696 1559 732 1615 de
748 1557 874 1633 singulis
895 1558 986 1616 rebus
1002 1560 1166 1618 sententias
1187 1561 1344 1635 exquirere
1364 1571 1398 1620 ut
1418 1563 1598 1638 magistratus
1616 1570 1661 1630 est,

362 1667 405 1724 ita
428 1663 517 1721 verba
537 1660 635 1718 facere
656 1665 783 1734 possunt
803 1657 834 1714 in
857 1665 963 1716 senatu
979 1659 1157 1734 quicumque
1179 1670 1231 1717 aut
1251 1661 1283 1717 11
1298 1668 1405 1719 senatu
1426 1672 1495 1720 sunt
1515 1672 1562 1720 aut
1581 1673 1663 1719 certae

361 1768 406 1824 rei
428 1781 520 1823 causa
540 1762 571 1818 in
593 1763 835 1828 eumvocantnr,
857 1767 889 1814 ut
910 1759 1094 1816 sollemniter
1111 1759 1203 1836 legati
1224 1778 1326 1836 regum
1344 1762 1576 1840 populorumque
1595 1771 1663 1820 exte·

362 1886 463 1926 rorum
489 1858 1027 1934 11811111111111111111111110111.
1051 1859 1098 1932 10,
1119 1860 1168 1930 45,
1191 1861 1219 1918 4.
1244 1861 1293 1933 40,
1317 1860 1367 1933 20,
1393 1865 1418 1919 1.
1441 1863 1490 1936 43,
1513 1861 1540 1935 2,
1563 1867 1575 1920 1
1598 1862 1663 1936 cet).

364 1966 506 2028 Similiter
531 1964 562 2020 in
588 1969 707 2019 senatus
730 1959 864 2018 consulto
891 1959 927 2016 dc
949 1959 1122 2017 Tiburtibus
1150 1959 1221 2034 (vol.
1244 1961 1260 2018 I
1282 1981 1311 2036 p.
1336 1963 1411 2038 107)
1440 1965 1527 2022 verba
1551 1963 1665 2020 lecerunt

363 2068 515 2136 Tiburtes,
538 2065 667 2137 itemque
689 2061 719 2118 in
742 2067 863 2117 senatus
885 2059 1029 2116 consultis
1052 2060 1166 2117 duobus
1187 2061 1224 2118 de
1238 2061 1356 2120 ludaeis
1377 2063 1466 2122 factis
1488 2063 1609 2138 (loseph.
1625 2061 1663 2130 13,

364 2171 394 2240 9,
416 2167 444 2224 2.
464 2168 510 2238 14,
528 2165 556 2234 8,
573 2165 605 2238 5)
627 2163 719 2220 verba
737 2161 845 2218 secisse
860 2159 997 2217 dicuntur
1016 2159 1106 2235 legati
1125 2161 1229 2237 populi
1244 2161 1437 2236 Iudaeorum,
1459 2183 1576 2239 quorum
1590 2162 1664 2220 etiam

362 2270 485 2329 nomina
515 2273 675 2341 ponuntur.
722 2260 830 2336 Legati
857 2269 955 2318 cutem
983 2279 1051 2318 cum
1081 2261 1186 2337 populi
1216 2263 1334 2338 regisve
1367 2265 1418 2322 sui
1447 2265 1562 2322 nomine
1589 2263 1666 2320 verba

297 2424 304 2429 .
363 2369 483 2439 faciant,
504 2366 533 2422 id
549 2364 630 2440 quod
643 2362 823 2433 conceditur,
846 2380 1028 2436 quamquam
1048 2361 1086 2417 iis
1102 2361 1154 2435 qui
1168 2363 1261 2420 verba
1274 2363 1411 2421 fecerunt
1431 2363 1548 2421 concedi
1565 2363 1665 2432 dicitur,

365 2490 432 2529 vere
447 2465 617 2528 conceditur
629 2463 742 2540 populo
758 2461 857 2536 regive
872 2462 910 2532 ei,
931 2461 983 2536 qui
996 2461 1065 2520 illos
1086 2462 1206 2538 legavit,
1228 2460 1261 2521 11
1281 2463 1330 2521 hic
1351 2465 1500 2523 universis
1515 2463 1665 2530 Thisbaeis,

363 2571 412 2647 qui
436 2569 555 2646 quidem
575 2563 790 2650 remansissent
814 2562 845 2618 in
867 2561 1069 2619 Romanorum
1095 2563 1234 2620 amicitia.
1276 2564 1371 2621 Iidem
1399 2572 1469 2622 sunt
1493 2565 1604 2638 opinor,
1623 2562 1666 2636 qui

351 2665 391 2728 'v.
408 2670 447 2728 26
470 2666 657 2744 appellantur
679 2653 815 2738 φυγάδες
830 2669 860 2720 11
874 2652 1031 2733 αὐτόμολοι,
1054 2681 1123 2719 nam
1137 2680 1204 2720 cum
1219 2663 1363 2722 Thisbaei
1386 2675 1417 2724 et
1430 2665 1553 2724 Romani
1572 2663 1665 2721 bellum

362 2774 440 2829 inter
466 2787 499 2827 se
526 2766 706 2844 gessissent,
732 2781 818 2820 nemo
845 2763 963 2819 illorum
990 2763 1021 2819 in
1049 2763 1179 2820 amicitia
1203 2763 1341 2822 Romana
1364 2767 1529 2841 permansit
1548 2765 1601 2822 nisi
1624 2763 1665 2838 qui
1762 2815 1763 2834 ἶ

362 2871 445 2929 exilii
466 2885 559 2926 causa
580 2866 678 2922 solum
700 2863 838 2920 vertisset
865 2871 895 2920 et
921 2862 984 2919 sive
1010 2870 1078 2920 aute
1099 2863 1211 2921 bellum
1234 2865 1298 2921 sive
1318 2884 1373 2941 per
1394 2867 1505 2926 bellum
1525 2865 1560 2922 ad
1579 2865 1664 2922 hostes

268 2986 272 2995 '
361 2968 582 3043 transfugisset.

444 3068 550 3126 Priore
578 3072 699 3123 senatus
731 3064 866 3123 consulto
892 3065 1066 3139 rogantibus
1093 3065 1253 3124 Thisbaeis
1280 3066 1318 3123 iis
1348 3068 1400 3142 qui
1428 3069 1461 3126 in
1484 3067 1665 3126 Romanorum
1761 3077 1762 3080 ’

362 3169 494 3229 amicitia
514 3167 707 3235 mansissent,
734 3171 767 3222 ut
787 3165 917 3222 Romani
944 3183 992 3222 res
1013 3165 1147 3240 ipsorum
1175 3167 1355 3225 ordinandas
1382 3168 1416 3226 in
1441 3186 1472 3226 se
1493 3167 1665 3242 susciperent,

368 3270 549 3338 decernitur,
581 3275 614 3323 nt
645 3266 776 3341 quinque
812 3265 901 3340 legati
929 3284 964 3322 eo
996 3267 1183 3322 mitterentur
1208 3267 1246 3322 ad
1278 3284 1327 3324 res
1360 3267 1574 3326 Thisbaeorum
1603 3263 1667 3322 ordi·

363 3371 486 3430 nandas.
519 3367 600 3426 Nam
621 3368 665 3424 811
686 3367 778 3423 verba
799 3383 903 3440 parum
926 3365 1071 3422 concinna
1092 3367 1156 3423 sine
1178 3366 1267 3424 dubio
1288 3367 1490 3444 intellegendo
1510 3375 1581 3424 sunt.
1613 3352 1665 3444 Περὶ
1760 3355 1761 3368 ἢ

363 3461 401 3528 ὧν
423 3469 575 3529 sollemnis
595 3465 798 3542 interpretatio
827 3473 872 3522 est
893 3465 1028 3522 vocabuli
1051 3464 1152 3523 Latini
1174 3467 1264 3540 quod,
1292 3485 1351 3542 quo
1376 3469 1488 3542 posito⁴
1502 3486 1538 3524 ex
1559 3463 1665 3525 Graecis

362 3591 437 3631 sane
462 3568 643 3646 perturbatis
675 3556 735 3648 περὶ
764 3552 801 3622 ὧν
826 3557 931 3645 >cquae
957 3555 1123 3634 ἐποιήσαντο
1152 3557 1212 3648 περὶ
1235 3569 1292 3624 τῶν
1321 3563 1496 3648 πραγμάτων
1522 3565 1666 3642 procedunt
1759 3605 1760 3608 ¹

363 3673 456 3730 verba
476 3671 563 3746 plane
584 3667 692 3724 Latina
718 3667 795 3742 qood
820 3668 843 3722 ii
863 3667 949 3723 verbu
963 3665 1092 3740 fecerunt
1119 3669 1153 3724 11
1174 3667 1266 3725 rebus.
1316 3667 1461 3728 Similiter
1486 3658 1544 3750 περὶ
1563 3666 1604 3724 bis
1622 3682 1665 3740 po·

362 3773 452 3830 situm
472 3787 578 3846 parum
595 3767 709 3827 Graece
730 3765 807 3822 redit
827 3773 933 3842 postea
954 3785 981 3824 1.
1007 3765 1043 3822 17
1066 3774 1096 3823 et
1118 3767 1155 3824 46
1178 3774 1207 3824 11
1229 3767 1301 3825 alibi
1322 3769 1447 3842 passim.
1482 3769 1532 3826 Ad
1550 3767 1579 3824 id
1598 3763 1665 3840 quod

361 3870 512 3948 praecedit
533 3859 653 3932 Θισβεῒς
681 3866 865 3923 1111111111
890 3875 959 3923 sunt
979 3867 1071 3923 verba
1096 3884 1172 3940 quae
1197 3876 1361 3942 sequuntur
1383 3859 1478 3928 οἵτινες
1499 3866 1526 3924 ἐν
1545 3868 1577 3942 τῇ
1596 3855 1666 3940 φιλίᾳ
1758 3861 1759 3886 ³

360 3973 397 4048 τῇ
414 3959 529 4052 ἡμετέρᾳ
551 3963 695 4035 ἐνέμειναν.
740 3964 828 4038 Quod
856 3966 990 4042 sequitur
1013 3967 1136 4042 petitum
1159 3966 1390 4026 Thisbaeorum:
1418 3960 1494 4028 ὅπως
1514 3955 1588 4023 αὐτοὶ
1608 3959 1665 4042 διορ-

361 4067 456 4127 θωσιν
478 4069 516 4129 εἷς
543 4063 581 4123 roi
606 4062 679 4123 καθ’
706 4060 810 4125 11111111
836 4056 992 4147 πράγματα
1019 4056 1235 4141 εἷτηγῆσωνται,
1261 4067 1305 4124 ita
1331 4067 1534 4144 accipiendum
1559 4071 1614 4134 181,
1638 4068 1666 4118 tlt

362 4161 440 4229 111111
461 4187 522 4228 111
543 4168 581 4226 ad
601 4168 738 4242 proxime
751 4166 964 4242 praecedentia
981 4166 1135 4238 referatur,
1158 4166 1211 4224 sed
1232 4167 1403 4225 vertendum
1426 4168 1465 4226 sit
1484 4171 1548 4242 ipsi,
1569 4163 1665 4222 scilicet

362 4280 485 4332 senatus
499 4271 663 4328 Romanus.
699 4265 746 4324 Ne
767 4267 902 4341 requiras
925 4257 1151 4340 εῖσηγησώμεθα
1164 4275 1286 4342 propter
1307 4268 1399 4326 verba
1420 4285 1497 4344 quae
1519 4271 1664 4340 sequuntur

361 4371 378 4444 ἡ
404 4364 488 4450 φιλία
513 4365 529 4440 ἦ
556 4359 685 4451 ἡμετέρα,
712 4367 843 4425 amicitia
868 4367 1049 4442 intellegitur
1075 4367 1181 4442 populi
1206 4367 1349 4439 Romani,
1376 4375 1556 4426 correctores
1580 4371 1663 4420 autem
1756 4403 1757 4412 ,

361 4481 503 4552 petuntur
524 4490 542 4530 a
564 4476 678 4529 senatu.
714 4466 784 4525 Non
804 4475 884 4525 recte
905 4467 996 4542 igitur
1010 4466 1178 4525 Foucartus
1200 4476 1291 4543 caput
1311 4469 1354 4525 ita
1374 4469 1475 4526 vertit:
1506 4463 1664 4526 conciderunt

362 4595 416 4650 que
438 4576 478 4634 111
500 4571 650 4630 Thisitana
672 4579 720 4627 oct
740 4568 843 4643 etpost
862 4567 986 4642 qu’c'taot
1007 4567 1092 4625 restris
1107 4567 1208 4642 fideles
1234 4569 1254 4624 d
1279 4577 1360 4626 notre
1381 4567 1488 4639 1111111,
1514 4567 1550 4623 ils
1571 4565 1666 4622 doivent

362 4678 484 4746 pouvoir
499 4689 643 4748 propocer
670 4669 708 4728 les
735 4686 847 4744 mopsus
875 4667 1051 4725 d’uncdliorcr
1078 4667 1154 4726 leura
1179 4667 1294 4740 affaircs
1318 4669 1481 4726 interiecerat
1488 4687 1496 4738 ;
1523 4683 1586 4724 nam
1611 4662 1663 4718 eius

363 4771 443 4828 modi
464 4772 601 4846 petitioni
622 4787 807 4846 nequaquam
830 4767 991 4842 respondet
1015 4767 1095 4842 quod
1117 4768 1249 4826 decernit
1269 4776 1389 4826 senatus
1410 4775 1572 4843 praetorem
1591 4761 1664 4836 quin·

365 4887 425 4942 que
455 4870 571 4944 legatos
597 4871 818 4929 nominatorum
845 4885 912 4926 esse
937 4884 972 4924 eo
999 4867 1167 4926 mittendos.
1218 4865 1341 4944 Semper
1371 4877 1469 4927 autem
1499 4865 1529 4923 in
1560 4867 1663 4922 senatus
1754 4877 1755 4898 1

364 4967 500 5024 consulto
521 4969 618 5027 verbis
640 4989 717 5046 quae
737 4970 812 5028 fiunt
837 4969 980 5046 placitum
1004 4967 1180 5044 respondet,
1206 4974 1240 5026 111
1267 4967 1347 5044 apud
1372 4985 1428 5027 nos
1451 4967 1579 5025 rationes
1598 4975 1662 5035 quae

362 5064 480 5140 legibus
503 5065 689 5144 decretisque
709 5071 938 5147 praemittuntur
957 5068 1033 5145 ipsis
1047 5068 1249 5144 respondeant
1267 5085 1390 5128 necesse
1411 5076 1463 5126 est.
1479 5099 1519 5112 -
1540 5063 1661 5122 Ceterum
1753 5107 1754 5110 ,
