3568 6070
422 667 425 676 -
528 645 826 702 oesunvnrromrs
845 647 962 701 neren.
980 649 1057 701 vm.
1248 637 1252 644 ·
1383 631 1453 702 149

131 819 284 878 Arvalium
306 837 333 876 a.
348 837 378 895 p.
395 816 466 878 Chr.
485 819 523 876 14
544 817 619 894 (tab.
634 809 655 878 ΙΙ
670 819 805 895 Mariuii)
825 819 977 896 pontificis
998 817 1165 879 sacerdotio
1186 815 1306 879 adiecto
1325 822 1363 880 ab
1385 822 1454 880 aliis

131 921 306 995 aequalibus
334 918 467 979 eiusdem
493 920 624 979 nominis
646 919 848 996 distinguitur.
891 921 927 978 Id
949 928 1048 979 autem
1068 921 1212 1002 temporis
1233 921 1366 982 rationes
1387 941 1455 981 cum
1506 995 1510 1004 ι

130 1039 188 1078 ιιοιι
214 1020 367 1096 patiantur
394 1019 477 1095 (nam
504 1020 613 1078 fratres
634 1019 769 1084 Liciniae
789 1022 918 1099 Magnae
944 1021 1007 1080 nati
1034 1029 1104 1080 sunt
1125 1041 1150 1080 o.
1172 1041 1199 1079 a.
1216 1021 1354 1094 27-38,
1382 1022 1455 1082 Piso

128 1121 264 1196 pontifex
292 1121 344 1180 ills
370 1122 445 1180 obiit
471 1123 683 1198 octogenarius
712 1140 741 1198 p.
763 1120 835 1181 Chr.
852 1121 922 1199 32),
951 1121 1076 1182 maritus
1102 1123 1231 1199 Magnae
1260 1124 1338 1181 alius
1365 1124 1456 1182 fuerit
1560 1111 1563 1120 ¹

128 1239 249 1280 necesse
278 1230 339 1296 est,
368 1240 423 1281 nec
451 1239 639 1299 quemquam*
655 1223 774 1300 repperi
800 1223 923 1300 propter
948 1231 1076 1282 aetatem
1104 1225 1178 1282 satis
1206 1232 1309 1299 aptum
1337 1234 1456 1302 praeter

128 1321 162 1380 L.
176 1321 322 1381 Pisonem
343 1324 501 1382 consulem¹
521 1342 546 1382 a
564 1323 613 1396 57,
636 1329 737 1382 nabrm
756 1324 943 1401 igiturcirca
963 1344 989 1383 a.
1006 1343 1035 1400 p.
1052 1322 1123 1384 Chr.
1140 1323 1189 1396 24,
1211 1343 1299 1401 quem
1314 1335 1345 1384 et
1357 1325 1455 1403 ipsum
1512 1332 1515 1341 '
1553 1389 1555 1394 ,

127 1422 301 1499 pontificatu
323 1433 460 1484 ornatum
480 1424 574 1483 fuisse
595 1434 675 1483 certe
696 1425 772 1484 nihil
792 1424 922 1501 vetar1).
958 1424 1093 1484 Uxorem
1115 1445 1182 1484 eum
1204 1427 1329 1486 duxisse
1350 1426 1455 1516 filiam-

128 1542 184 1598 que
210 1543 250 1582 ex
278 1543 315 1584 ea
337 1527 481 1602 'genuisse
503 1524 628 1588 Tacitus
651 1523 734 1601 (hist.
755 1527 784 1599 4,
802 1526 850 1584 11.
866 1525 920 1603 59)
942 1526 1060 1599 scribit3
1085 1543 1194 1586 nomen
1220 1535 1357 1587 auctores
1379 1545 1456 1604 quos
1478 1573 1495 1592 ..

127 1625 271 1684 habemus
292 1645 353 1684 non
374 1627 567 1686 tradiderunt.
1350 1633 1353 1640 '

207 1725 259 1784 Ex
281 1729 413 1802 posteris
435 1728 542 1787 horum
563 1727 705 1803 (quorum
721 1725 864 1788 Crassum
886 1727 988 1805 Frugi
1001 1736 1143 1803 quattuor
1162 1727 1274 1788 liberos
1297 1729 1457 1790 sustulisse
1558 1729 1562 1738 “

125 1824 270 1898 vidimus,
296 1820 483 1905 posshntquo
508 1829 598 1888 etiam
621 1827 835 1890 Scribonianus
857 1837 888 1888 et
908 1829 984 1888 Piso
1005 1829 1115 1888 liberos
1137 1837 1208 1904 post
1228 1815 1262 1889 se
1281 1830 1456 1906 reliquisse)

125 1927 247 1986 nomine
268 1947 345 1988 unus
366 1938 480 1989 tautum
502 1937 751 1990 commemoratur
775 1931 951 2006 Calpurnius
976 1931 1099 1990 Crassus
1121 1928 1267 2006 stupu),
1289 1931 1341 2005 qui
1362 1932 1455 2007 impe-

124 2036 210 2086 rante
223 2027 339 2088 ‘Nerva
364 2049 429 2089 cum
456 2047 581 2106 regnum
605 2030 803 2107 appetivisset
824 2031 990 2090 Tarentum
1014 2039 1148 2090 remotus
1175 2037 1234 2103 est,
1261 2031 1368 2089 deinde
1389 2051 1456 2090 eum

125 2129 163 2186 ad
184 2130 294 2188 eadem
315 2131 441 2190 consilia
460 2131 601 2191 rediisset
621 2133 676 2190 sub
698 2131 846 2204 Traiano,
873 2131 904 2189 in
925 2131 1056 2190 insulam
1076 2131 1241 2207 relegatus,
1262 2132 1390 2208 denique
1411 2133 1456 2190 in-

122 2229 189 2288 sula
219 2248 362 2308 egressus
384 2234 445 2292 'sub
465 2231 622 2291 Hadriano
647 2237 781 2292 necatus.
824 2233 952 2292 Animos
979 2233 1091 2291 adres
1116 2251 1212 2291 novas
1230 2233 1457 2293 moliendasei

124 2332 194 2392 fecit
220 2333 285 2392 siue
307 2333 397 2392 dubio
418 2334 486 2410 ipsa
506 2334 658 2407 nobilitas,
680 2353 740 2411 quo
762 2335 978 2393 nomine·sane
1000 2341 1038 2391 ed
1058 2340 1191 2409 tempore
1210 2333 1263 2392 vix
1284 2335 1381 2392 ullum
1402 2336 1455 2392 ha·

125 2433 187 2492 buit
212 2433 274 2492 sibi
295 2453 407 2512 parem.
451 2433 540 2508 Quod
562 2435 697 2494 sinatus
720 2442 765 2494 cst
786 2454 825 2494 ex
846 2431 958 2494 Pisone
979 2435 1121 2511 adoptato
1143 2453 1162 2491 a
1184 2432 1299 2506 Galba,
1322 2454 1382 2510 quo
1404 2436 1456 2494 du-

125 2553 195 2594 cere
216 2535 336 2594 videtur
357 2533 515 2614 Calpurni-i
536 2555 658 2610 nomeu,
684 2535 929 2613 repraesentabat
949 2537 981 2594 in
1002 2554 1035 2594 se
1057 2535 1192 2594 Licinios
1215 2534 1358 2608 Crassos,
1386 2534 1458 2596 Cal-

109 2637 251 2722 purnius
281 2636 408 2696 Pisones
434 2637 544 2714 Frugi,
574 2637 738 2715 Pompeios
764 2637 908 2714 Magnos,
938 2634 1113 2714 Scribonios
1141 2636 1289 2709 Libones,
1316 2637 1456 2696 Lutatius

125 2735 269 2811 Catulos,
298 2737 449 2814 Sulpicius¹
470 2738 603 2811 Galbas,
630 2747 663 2797 ut
688 2755 761 2798 sane
782 2745 872 2816 poeta
893 2739 1001 2798 aetatis
1022 2737 1254 2814 Domitianaei)
1277 2755 1337 2796 uon
1358 2738 1458 2814 inepte

124 2839 288 2898 celebrarit
308 2841 386 2898 utria
406 2840 544 2900 Pisonum
565 2859 627 2899 cum
648 2851 789 2899 ctaumute
811 2849 877 2898 toto.
1395 2919 1399 2926 ἱ

210 2939 353 3000 Vidimus
380 2940 417 3000 de
438 2939 560 3000 Crassis
581 2940 688 3019 Frugi3
715 2947 867 3018 superest,
886 2949 929 3000 ut
949 2959 1158 3000 recenseamus
1179 2940 1215 3000 L.
1237 2940 1381 3014 Pisones,
1406 2941 1458 3016 qui

125 3041 249 3116 quidem
275 3050 400 3118 propter
418 3049 551 3101 'aetatem
572 3042 612 3101 ad
633 3035 711 3101 hanc
732 3042 968 3118 disputationem·
984 3043 1133 3120 pertinere
1154 3042 1273 3120 possint
1293 3050 1323 3102 et
1342 3048 1459 3120 patrem
1509 3047 1511 3052 '

126 3142 287 3201 habuerint
308 3144 502 3220 praenomine
523 3152 576 3202 aut
595 3143 683 3202 Lucii
704 3152 757 3202 aut
777 3143 899 3202 incerto.
944 3142 1117 3202 Omittimus
1139 3144 1230 3221 igitur
1250 3143 1327 3202 duos
1349 3142 1385 3201 L.
1407 3125 1458 3202 Pi-
1493 3133 1505 3158 '

126 3262 218 3304 sones
241 3242 341 3304 Gnaei
365 3243 445 3303 filios
471 3262 534 3304 cos.
561 3263 588 3302 a.
610 3264 639 3302 ιι.
661 3262 685 3303 c.
703 3245 762 3304 753
789 3253 821 3309 et
844 3262 874 3320 p.
891 3242 962 3304 Chr.
979 3243 1033 3317 273
1059 3246 1138 3303 huuc
1165 3244 1244 3302 enim
1264 3244 1335 3302 licet
1360 3243 1475 3320 ipsum-

126 3354 253 3422 propter
286 3347 383 3422 patris
418 3347 593 3405 memoriam
625 3346 795 3406 damnatam
826 3327 1011 3420 praenomen
1044 3344 1142 3405 Gnaei
1173 3345 1292 3403 abicere
1323 3353 1459 3406 coactum

127 3445 223 3521 (Tac.
238 3435 323 3506 'ann
351 3447 465 3524 3,1t)
497 3455 604 3524 postea
635 3465 755 3524 quoque
781 3444 879 3505 Gnaei
910 3446 1006 3504 filium
1038 3446 1187 3504 mansisse
1217 3451 1298 3511 recte
1328 3445 1459 3504 dubitari

127 3567 188 3608 non
223 3556 325 3624 potest
332 3569 341 3620 ;
373 3555 452 3608 certe
483 3548 514 3606 in
546 3548 643 3607 indice
673 3549 784 3607 Dionis
815 3547 910 3605 Iulius
938 3547 1089 3605 Antonius
1123 3546 1261 3604 similiter
1292 3545 1461 3622 appellatur

127 3651 225 3708 Marci
256 3651 346 3710 filius.
394 3649 535 3726 Denique
565 3648 601 3707 L.
631 3647 814 3726 Calpurnius
840 3647 912 3708 Piso
939 3647 1033 3724 Frugi
1059 3646 1248 3718 Licinianus,
1281 3646 1306 3705 si
1339 3645 1460 3726 quidem
1492 3691 1496 3698 .

127 3760 210 3810 recte
242 3769 335 3828 supra
365 3751 521 3810 docuimus
548 3750 699 3810 Liciniani
728 3768 836 3808 nomen
869 3769 937 3807 eum
968 3767 1030 3808 non
1061 3748 1099 3806 ab
1130 3747 1291 3824 adoptione
1318 3748 1461 3820 traxisse,

127 3851 228 3910 Marci
253 3853 336 3912 filius
356 3851 427 3924 fuit,
453 3871 514 3912 non
534 3851 631 3911 Lucii.
673 3851 722 3910 Ita
743 3869 803 3910 non
825 3857 939 3920 restant
959 3851 1020 3910 nisi
1040 3856 1115 3922 tres,
1143 3849 1180 3908 de
1201 3848 1315 3932 quibus*
1333 3849 1461 3927 cogitari

127 3953 237 4031 possit,
260 3955 312 4029 qni
334 3961 406 4012 sunt
424 3931 467 4012 hi.
1090 4027 1096 4035 ,

220 4055 248 4115 1.
290 4054 327 4112 L.
348 4053 532 4130 Calpurnius
554 4053 590 4113 L.
613 4053 633 4112 f.
656 4053 730 4113 Piso
752 4052 885 4141 (Frugi)
907 4053 1014 4113 consul
1035 4073 1062 4113 a.
1078 4051 1154 4125 739,
1180 4060 1317 4111 mortuus
1341 4059 1462 4128 octoga-
1553 4053 1556 4058 '

128 4155 236 4214 narius
258 4173 286 4214 a.
302 4177 330 4214 ιι.
346 4174 372 4214 c.
389 4156 448 4216 785
469 4179 506 4206 =
527 4174 556 4232 p.
573 4153 644 4214 Chr.
661 4154 716 4228 32,
742 4156 860 4231 dequo
882 4155 1136 4232 supradiximus.
1179 4152 1274 4229 Frugi
1295 4167 1462 4226 cognomen

129 4257 309 4334 plerumque
331 4255 485 4315 omittitur.

217 4355 247 4415 2.
289 4356 325 4415 L.
348 4355 530 4432 Calpurnius
552 4356 627 4416 Piso
655 4358 682 4416 is
707 4357 760 4432 qui
784 4356 901 4432 legatus
923 4356 1091 4434 Hispaniae
1111 4355 1257 4416 citerioris
1279 4355 1369 4432 periit
1389 4375 1416 4415 a.
1432 4373 1460 4432 p.

133 4456 207 4516 Chr.
225 4455 276 4529 26,
298 4451 386 4534 quem
407 4458 502 4517 filium
524 4457 730 4535 praecedentis
751 4457 846 4516 fuisse
867 4456 963 4516 videri
985 4475 1076 4533 supra
1097 4457 1332 4538 observavimus.

213 4643 237 4707 ¹)
264 4645 323 4694 Hoc
344 4645 474 4694 si'verum
499 4650 551 4706 est,
575 4643 642 4693 tituli
666 4643 717 4693 duo
736 4644 849 4694 urbanus
867 4643 936 4693 Mur.
952 4642 1003 4692 153
1010 4677 1018 4704 ,
1038 4644 1053 4692 2
1078 4641 1156 4692 hodie
1179 4641 1206 4690 in
1226 4641 1356 4706 Capitolio
1375 4642 1462 4692 adser-

132 4742 220 4786 vatur:
239 4733 312 4784 Iullo
329 4733 377 4795 (sic
393 4735 494 4785 videtur
513 4749 568 4786 assa
586 4735 613 4786 in
632 4735 719 4800 lapide
736 4734 803 4784 mals
822 4733 927 4798 scripto)
945 4729 979 4782 L.
999 4731 1103 4783 Pisonis
1116 4730 1224 4799 pontu,-
1244 4731 1355 4782 Aema'lio
1369 4729 1462 4800 Helpis

132 4826 239 4876 murati
248 4823 315 4890 fecit
335 4831 361 4874 et
378 4826 482 4876 Veleias
503 4825 572 4891 apud
590 4827 697 4876 Lamum
716 4826 776 4876 iser.
796 4823 865 4874 della
882 4823 956 4874 scola
974 4821 1087 4874 Furusse
1105 4839 1131 4890 p.
1145 4824 1194 4874 602
1218 4819 1250 4874 L.
1272 4820 1411 4891 ΟαΙῙιιινιιὶο
1430 4820 1463 4874 L.

126 4916 154 4981 f.
174 4915 267 4966 Pisoni
281 4915 374 4982 postas.
393 4931 443 4967 coa
462 4917 520 4982 pari
538 4917 594 4966 iure
612 4917 702 4967 referri
720 4921 840 4982 poterunt
857 4915 891 4966 ad
910 4915 1027 4966 consules
1046 4930 1070 4966 a.
1083 4931 1109 4965 ιι.
1123 4931 1144 4966 c.
1160 4915 1212 4966 739
1232 4920 1258 4964 et
1276 4930 1302 4979 p.
1316 4915 1378 4966 Chr.
1393 4913 1437 4965 57.

211 5004 237 5068 ²>
264 5002 385 5075 Κρᾶσσος
403 4994 575 5076 Καλποιῖρνιος
587 5004 638 5058 ,τῶν
656 4996 781 5077 lipsio-rur
799 4995 894 5056 iarivuu
913 5000 1011 5074 lypum
1029 5007 1099 5071 apud
1116 5006 1229 5056 Dionem
1247 4996 1291 5068 68,
1306 5005 1336 5069 3;
1358 5003 1464 5072 Calpur-

135 5097 194 5147 nius
215 5095 324 5148 &maus
342 5097 370 5148 in
385 5099 499 5150 Victoris
518 5099 630 5166 epitoma
649 5100 692 5163 13,
708 5102 738 5162 ⁷3
759 5097 844 5166 Frugi
864 5095 972 5149 Crasma
990 5098 1019 5150 in
1038 5098 1105 5149 vitas
1123 5097 1250 5149 Hadriani
1268 5112 1291 5148 c.
1306 5096 1335 5160 53
1358 5092 1467 5174 Croesus

137 5189 207 5254 apud
224 5189 339 5240 Dionem
359 5189 403 5251 68,
419 5189 462 5239 16.

215 5277 241 5342 ²)
267 5280 396 5336 Martialis
414 5281 440 5342 4,
455 5281 499 5332 to.
