3620 6080
385 611 460 686 246
905 607 1184 668 nnnnrsuusnn

386 799 537 862 invenitur
564 802 634 854 ante
664 787 825 867 Elegabsli
850 795 967 862 tempus
997 781 1127 859 (Eckhel
1148 781 1187 840 D.
1205 777 1250 840 N.
1277 778 1325 837 111
1349 797 1380 855 p.
1408 778 1493 854 375).
1541 776 1597 839 Sed
1621 787 1687 838 erret

388 903 423 968 si
434 901 502 978 quis
521 895 601 956 dicat
618 901 778 970 propterca
791 886 909 946 titulum
930 891 1066 943 nostrum
1089 899 1183 958 nsque
1204 879 1245 938 ad
1264 879 1341 938 illud
1354 889 1473 956 tempus
1495 878 1687 938 detrudendum

389 1019 465 1063 esse.
507 995 588 1058 Num
615 994 673 1052 hoc
696 987 874 1050 vocabulum
902 1004 969 1044 oum
996 985 1028 1042 in
1053 983 1181 1042 nummis
1207 999 1270 1045 non
1281 989 1356 1052 est,
1387 987 1545 1056 propterea
1569 998 1635 1042 non
1646 999 1688 1037 ue·

389 1098 521 1162 cessario
547 1091 697 1170 sequitur,
716 1089 771 1148 illo
796 1077 930 1164 tempore
952 1084 1053 1144 urbem
1080 1100 1116 1142 eo
1142 1082 1274 1146 nondum
1295 1079 1463 1156 praeditam
1483 1079 1582 1138 fuisse.
1611 1077 1688 1152 Quod

389 1183 469 1265 alius
491 1197 574 1256 urbis
595 1191 735 1276 exemplo
756 1187 978 1264 comprobetur.
1023 1182 1124 1256 Quum
1145 1181 1278 1242 enimin
1305 1180 1371 1238 basi
1393 1179 1544 1255 statuae1)
1563 1178 1689 1237 Hadriani

389 1305 428 1364 ab
452 1292 688 1358 Laodicensium
709 1287 873 1348 Athenis
864 1306 897 1346 ιιι
922 1283 1084 1360 Olympico
1112 1281 1182 1342 vivo
1209 1281 1363 1340 etiamtum
1388 1281 1567 1356 imperatore
1590 1289 1688 1338 erectae

390 1403 535 1478 scriptum
560 1395 601 1454 sit
628 1389 645 1462 ἦ
671 1379 754 1450 πολις
776 1375 913 1450 Ἰουλιιιον
937 1385 994 1440 τῶν
1019 1404 1068 1440 και
1059 1370 1248 1438 Λαοδικέων
1273 1374 1342 1462 apic
1362 1369 1545 1456 θαλ[α’]ισῃ,
1563 1381 1609 1448 τῆς
1626 1378 1689 1461 ἱερᾶς

389 1527 437 1562 και
428 1489 562 1560 selaeu
578 1515 625 1552 και
640 1479 793 1557 αὐτονᾶμιο
816 1475 1052 1566 ναυαρχίδος,
1075 1483 1133 1540 hoc
1149 1480 1354 1540 vocabulum
1345 1499 1377 1556 ιιι
1392 1480 1523 1540 nummis
1536 1479 1690 1549 Laodiceae,

330 1649 333 1654 .
390 1605 443 1680 qui
463 1601 585 1658 exstant
612 1593 650 1650 ab
672 1587 804 1666 Augusti
824 1593 959 1660 tempore
985 1581 1143 1658 usquead
1165 1579 1361 1652 Caracallum,
1382 1597 1533 1661 nusquam
1553 1587 1690 1656 comparet,

389 1705 434 1764 ita
457 1711 490 1760 ut
509 1692 672 1756 Eckbelius
698 1687 744 1748 IV
765 1705 794 1762 p
815 1685 876 1745 309
898 1703 936 1743 ne
957 1690 1167 1742 commemoret
1186 1681 1308 1757 quidem
1327 1679 1510 1740 Laodiceam
1529 1680 1601 1738 inter
1618 1681 1694 1738 urbes

389 1797 600 1866 nauarchidas.
635 1791 743 1865 Itaque
764 1787 854 1846 etiam
875 1783 1009 1860 Tripolis
1031 1781 1191 1858 quominus
1213 1799 1249 1840 eo
1271 1781 1375 1840 multo
1387 1789 1458 1840 ante
1479 1798 1535 1839 usa
1555 1781 1600 1852 sit
1619 1798 1690 1856 quam

365 1897 368 1906 ’
389 1907 421 1966 iu
435 1899 564 1962 nummis
576 1890 739 1960 invenitur,
752 1885 829 1946 nibil
842 1884 975 1960 impedit.
995 1885 1051 1946 ¹At
1064 1881 1098 1969 id·
1109 1889 1188 1939 certe
1202 1881 1301 1938 dicere
1314 1880 1429 1952 licebit,
1450 1881 1568 1939 titulum
1580 1881 1691 1940 Atticum

390 2001 589 2078 antiquiorem
608 2008 678 2050 esse
703 2007 765 2048 non
786 2002 878 2062 posse
904 1984 943 2041 iis
968 1981 1167 2060 temporibus,
1192 1981 1302 2056 quibus
1329 1980 1394 2040 eius
1421 1981 1558 2040 vocabuli
1584 1981 1691 2058 primum

381 2103 513 2166 omnino
526 2092 685 2169 vestigium
699 2087 838 2148 cernitur.
868 2085 970 2159 Atque
988 2083 1121 2140 omnium
1135 2081 1233 2156 prima
1247 2079 1343 2141 Sidon
1357 2081 1527 2140 Phoenices
1541 2101 1604 2152 enm
1615 2083 1692 2140 hono·

389 2217 453 2265 rem
468 2199 578 2273 adepta
591 2208 659 2251 esse
672 2186 829 2274 ridetur,
820 2205 852 2244 ιιι
865 2185 952 2242 cuius
966 2183 1097 2254 nummis
1110 2182 1172 2240 iam
1186 2189 1437 2240 commemoratur
1451 2201 1531 2241 anno
1545 2181 1581 2242 85
1595 2199 1622 2258 p.
1635 2179 1691 2241 chr.

389 2305 555 2380 imperante
577 2289 750 2352 Domitiano
772 2285 903 2362 (Eckhel
922 2283 973 2348 III
993 2303 1023 2360 p
1039 2281 1150 2357 368).
1168 2281 1205 2338 In
1226 2282 1295 2340 aliis
1316 2282 1491 2342 civitatibus
1512 2285 1549 2341 ab
1569 2282 1693 2342 Hadriani

389 2403 560 2484 principatu
571 2391 684 2468 incipit.
705 2386 807 2462 Quare
821 2385 910 2444 etiam
925 2383 1000 2442 haec
1013 2401 1061 2442 res
1074 2399 1110 2440 eo
1125 2381 1217 2453 ducit,
1231 2389 1264 2440 ut
1275 2376 1397 2440 titulum
1412 2383 1547 2442 Atticum
1560 2382 1693 2442 Hadriano

390 2523 450 2566 non
473 2495 670 2573 antiquiorem
691 2488 867 2550 iudicemus.
909 2483 960 2542 Ex
984 2483 1078 2542 altera
1097 2491 1183 2558 parte
1203 2483 1284 2558 quod
1304 2489 1374 2541 ante
1394 2475 1515 2561 'tempus
1535 2483 1693 2560 compositus

391 2607 431 2666 sit
451 2598 569 2661 definiri
595 2610 657 2652 non
677 2595 786 2667 potest.
829 2585 895 2644 Iam
917 2584 954 2642 de
974 2582 1107 2644 Aemilio
1128 2583 1222 2642 Iunco
1244 2582 1408 2666 videamus.
1456 2583 1582 2658 Quum
1574 2603 1604 2642 ιιι
1621 2583 1693 2642 titulo
1772 2661 1773 2664 Ἴ

392 2699 580 2780 amplissimo
608 2710 669 2751 non
694 2698 728 2748 nt
757 2688 790 2745 in
816 2685 884 2744 eliis
909 2685 974 2743 eius
1002 2683 1111 2744 aetatis
1139 2700 1241 2740 omnes
1262 2661 1391 2741 bonores
1413 2694 1628 2754 recenseam
1651 2683 1692 2742 sed

391 2821 483 2868 unum
503 2794 596 2872 legati
619 2794 697 2868 Aug.
720 2806 775 2864 pro
801 2792 940 2862 praetore
968 2783 1097 2872 osticium
1126 2790 1387 2855 commemoretur,
1415 2803 1452 2843 eo
1478 2785 1546 2862 ipso
1571 2793 1691 2861 tempore,

392 2902 498 2980 queis
519 2898 577 2954 hoc
598 2908 719 2952 munere
738 2885 918 2962 fungebatur
938 2865 1122 2959 compositus
1145 2884 1329 2942 sitnecesse
1351 2891 1407 2943 est.
1449 2887 1545 2966 Atqui
1564 2884 1692 2961 quomodo

390 3005 502 3063 iactum
529 3003 574 3054 est
602 3000 635 3050 ut
662 2997 725 3047 tum
747 2985 874 3044 Athenis
900 2985 1076 3061 erigeretur,
1103 3001 1284 3060 quamquem
1304 3001 1402 3059 neque
1422 2987 1466 3045 ‚ab
1488 2986 1692 3044 Atheniensium

391 3102 513 3163 civitate
533 3110 630 3169 neque
651 3109 670 3148 a
683 3088 800 3166 privato
814 3085 934 3170 homine
947 3083 1133 3156 Atheniensi,
1155 3085 1209 3142 sed
1230 3083 1464 3161 aTripolitanis
1478 3085 1636 3144 Phoenices
1651 3102 1692 3160 po-

392 3203 468 3264 situs
489 3195 554 3256 est?
584 3193 669 3250 Inter
682 3186 846 3266 permultos
869 3186 947 3243 enim
962 3185 1066 3244 titulos
1080 3185 1258 3242 honorarius
1279 3186 1422 3260 perpauci
1444 3195 1516 3245 gunt
1529 3187 1646 3246 Atheni,
1663 3185 1693 3242 ab

392 3302 460 3362 aliis
482 3293 652 3357 civitatibus
673 3288 779 3367 positi,
807 3287 835 3346 si
855 3286 1010 3360 exceperis
1031 3291 1146 3366 statuas
1165 3286 1202 3342 'in
1222 3284 1369 3344 Hadriani
1389 3265 1538 3346 hoborem
1557 3287 1587 3344 in
1607 3285 1692 3364 Olyn-

391 3405 460 3480 pieo
481 3399 520 3456 ab
542 3413 578 3456 eo
599 3391 755 3452 aedificato
777 3386 903 3464 positas,
925 3403 1001 3460 quas
1020 3386 1080 3444 hnc
1101 3402 1161 3442 non
1175 3385 1325 3462 pertinere
1346 3381 1539 3446 manifestum
1559 3395 1611 3447 est.
1639 3386 1692 3444 Pri.

390 3512 528 3564 vatorum
548 3495 640 3572 igitur
656 3491 730 3550 duas
753 3486 900 3547 eiusmodi
920 3486 1130 3562 inscriptiones
1145 3485 1225 3557 novi,
1244 3481 1311 3563 Ἐφ.
1327 3482 1400 3566 dex.
1417 3487 1499 3546 3363
1522 3485 1693 3564 aGytheatis

392 3606 424 3664 in
443 3603 590 3659 honorem
610 3592 659 3652 Ti.
676 3588 802 3650 ¹Claudii
819 3587 912 3645 Attici
933 3583 1071 3662 positam,
1093 3593 1124 3644 et
1142 3581 1209 3662 Ἐφ.
1225 3579 1298 3668 teg.
1321 3587 1401 3646 3765
1423 3586 1467 3660 (v.
1484 3607 1574 3664 supra
1593 3606 1620 3664 p.
1636 3585 1694 3660 151)

390 3703 443 3764 ubi
468 3712 623 3758 commune
649 3688 852 3749 Phocensium
877 3687 1073 3746 Locrensium
1098 3686 1294 3745 Doriensium
1313 3687 1521 3746 Euboensium
1546 3707 1581 3748 eo
1600 3689 1695 3746 honore

391 3801 484 3864 afficit
503 3798 545 3856 M.
564 3793 686 3852 Iunium
709 3787 847 3850 Silanum
869 3799 925 3862 pro
951 3795 1117 3874 quaestore.
1162 3783 1298 3858 Quorum
1319 3788 1529 3863 exemplorum
1549 3789 1627 3866 prius
1645 3804 1694 3843 ma·
1758 3807 1771 3844 ¹,

308 3915 311 3921 ·
390 3901 500 3962 nifesto
526 3894 596 3953 inde
621 3888 830 3966 explicandum
856 3896 918 3958 est,
944 3885 1026 3962 quod
1046 3887 1170 3976 Atticus.
1191 3887 1259 3958 ille,
1286 3885 1419 3946 Herodis
1442 3889 1538 3947 Attici
1561 3895 1648 3966 peter,
1670 3891 1693 3942 et

391 4000 506 4076 origine
520 3989 718 4058 Atheniensis,
734 3995 799 4048 erat
819 3995 849 4046 et
869 3987 998 4050 Athenis
1019 4004 1160 4062 maguam
1174 3993 1290 4062 partem
1310 3987 1390 4045 vitae
1411 3988 1548 4065 degebat.
1578 3989 1693 4050 Alterum

391 4108 491 4163 autem
510 4115 547 4155 eo
568 4091 705 4168 pertinet,
730 4087 810 4163 quod
831 4084 951 4146 Silanus
973 4086 1180 4164 magistratum
1200 4095 1324 4163 propter
1344 4105 1431 4163 quem
1451 4090 1565 4147 honore
1585 4088 1694 4148 afficitur

282 4195 285 4201 ’
391 4205 424 4263 in
446 4195 576 4259 Graecia
602 4198 738 4268 gesserat
761 4188 888 4262 ideoque
913 4187 1057 4257 Athenis,
1084 4186 1117 4244 in
1141 4187 1333 4246 celeberrima
1357 4194 1446 4264 atque
1461 4188 1694 4272 ¹splendidissime

393 4298 540 4363 Graeciae
561 4293 635 4352 urbe
656 4296 755 4350 statua
775 4287 907 4364 erigitur.
950 4288 1051 4362 Atque
1072 4286 1146 4345 haec
1166 4287 1244 4345 ratio
1265 4287 1352 4346 unica
1373 4297 1431 4362 est,
1461 4308 1539 4366 quae
1559 4290 1589 4348 in
1608 4284 1693 4348 Aemi·
1769 4357 1770 4362 η

391 4402 467 4462 lium
488 4397 613 4456 Iuncum
638 4389 766 4470 quadret
772 4409 781 4460 3
809 4388 911 4462 itaque
935 4405 1002 4444 eum
1030 4394 1190 4463 propterea
1210 4388 1337 4446 Athenis
1359 4397 1411 4446 aut
1431 4383 1511 4450 ¹certe
1532 4389 1564 4447 in
1585 4383 1693 4447 Graecia

391 4517 514 4563 munere
541 4493 634 4571 legati
654 4491 790 4549 functum
815 4505 883 4546 esse
908 4487 1072 4564 putandum
1097 4499 1152 4546 est.
1195 4486 1257 4548 Sed
1282 4487 1355 4563 quid
1379 4489 1479 4564 legato
1500 4488 1628 4566 Augusti
1649 4500 1692 4562 pro
1769 4491 1770 4534 3

392 4609 531 4681 praetore
552 4613 620 4654 cum
641 4589 758 4650 Achaia
777 4587 934 4665 provincia
954 4587 1124 4646 senatoria?
1155 4585 1206 4646 Ne
1230 4587 1263 4646 id
1287 4588 1406 4663 quidem
1427 4580 1550 4648 difficile
1570 4597 1614 4646 est
1631 4585 1692 4644 diiu-

392 4703 501 4760 dicatu.
537 4695 613 4754 Inde
635 4693 672 4751 ab
688 4689 814 4749 Traiani
834 4689 913 4747 enirn
934 4672 1149 4763 temporibus
1140 4707 1172 4745 ιιι
1192 4688 1366 4763 provincias
1387 4689 1621 4764 proconsulares
1632 4703 1692 4745 ιοιι-

349 4829 351 4832 ·
391 4801 490 4858 milles
512 4797 590 4853 mitti
616 4792 753 4854 solebant
779 4791 816 4848 ab
843 4783 1073 4865 imperatoribus
1097 4787 1191 4865 legati
1211 4807 1266 4867 pro
1287 4795 1425 4868 praetore
1446 4790 1484 4848 ad
1505 4787 1691 4867 corrigendum

390 4986 595 4998 *uu-—

466 5108 490 5171 ¹)
514 5109 659 5160 Ediderunt
676 5111 777 5162 titulum
796 5109 960 5174 Rhusopnlos
978 5100 1042 5179 Ἔχ.
1063 5100 1128 5178 ιῖρχ.
1145 5124 1201 5176 ιιιρ.
1223 5109 1239 5160 2
1258 5101 1299 5176 α’ρ.
1322 5110 1364 5160 50.
1402 5111 1436 5162 U.
1454 5111 1559 5162 Henaen
1576 5104 1690 5159 Bulletiufl

265 5199 267 5204 '
296 5261 301 5267 .
351 5225 357 5232 ·
392 5194 451 5250 dell'
471 5200 591 5250 Instituto
611 5201 681 5252 1862
700 5218 726 5265 p.
748 5201 809 5262 135,
847 5201 1009 5278 Kumanudis
1028 5193 1160 5267 Φιλίστορ
1179 5201 1216 5251 Π.
1235 5217 1261 5264 p.
1281 5200 1343 5252 432.
