3568 6070
887 575 1162 628 ADDITAMENTA

1007 849 1048 908 11.

447 967 631 1048 Fragmenta
652 968 711 1028 dno
732 987 900 1028 marmorea
919 967 951 1026 in
972 966 1159 1028 eruderando
1180 966 1246 1026 foro
1260 965 1398 1026 Romano
1421 967 1535 1024 effossa
1556 985 1581 1024 a.
1599 965 1677 1039 1872,

365 1071 524 1131 adservata
547 1071 682 1129 nuncin
708 1077 809 1129 monte
829 1069 970 1128 Palatino
995 1069 1027 1128 in
1052 1068 1210 1145 repositisc
1237 1068 1270 1128 in
1294 1068 1464 1145 fragmento
1485 1085 1505 1124 a
1532 1084 1617 1144 supra
1640 1068 1679 1126 in·

366 1171 558 1248 scriptionem
586 1171 714 1248 spatium
741 1170 877 1229 relictum
904 1177 950 1228 est
971 1188 1114 1241 vacuum,
1141 1170 1172 1227 in
1194 1169 1210 1226 5
1238 1176 1376 1246 superest
1401 1170 1494 1228 etiam
1515 1168 1678 1245 astragalus,

365 1290 454 1348 quem
482 1272 585 1331 notavi
610 1273 643 1330 in
669 1272 766 1349 capite
792 1277 963 1347 parastatae
990 1271 1080 1346 primi
1107 1270 1146 1328 ad
1167 1269 1328 1329 Romulum
1355 1276 1522 1346 spectante.
1565 1267 1679 1329 Coniun-

366 1373 464 1452 genda
484 1373 613 1432 frustula
633 1381 703 1432 sunt
723 1391 791 1432 cum
811 1371 978 1451 fragmento
1000 1369 1172 1448 Capitolino
1193 1371 1226 1430 X
1247 1390 1316 1430 cum
1337 1389 1434 1449 eoque
1455 1379 1545 1449 caput
1564 1371 1681 1430 efficiunt

366 1481 536 1550 parastatae
557 1473 646 1534 tertii.

970 1611 990 1650 a
1299 1593 1315 1650 5

430 1694 518 1753 Varr.
534 1695 594 1754 453
682 1711 722 1752 a·
737 1707 1210 1754 versatvs-m·s·n·m·c01rom.
1248 1709 1289 1750 Ν·
1303 1707 1384 1751 caan

691 1809 1062 1856 rr·o1cr·11·a=rnvscs1s
1078 1824 1085 1839 ·
1101 1812 1127 1852 s·
1138 1808 1302 1854 rmar’sms

395 1955 399 1960 .
714 1912 947 1956 mammeam
1129 1837 1135 1968 i

368 1983 535 2062 Descripsi.

410 2083 456 2144 Of.
478 2085 551 2144 fasti
573 2085 747 2145 consulares
770 2092 800 2144 et
820 2085 886 2144 biv.
905 2087 957 2159 10,
974 2089 1064 2148 3-5.
1109 2089 1156 2148 lbi
1178 2088 1320 2149 Valerius
1343 2089 1453 2148 dicitur
1473 2087 1630 2160 Maximus,
1649 2085 1678 2144 de

368 2203 427 2261 quo
450 2185 544 2245 altero
566 2187 654 2246 huius
675 2186 732 2246 viri
753 2188 930 2264 cognomine
950 2189 1018 2248 vide
1039 2191 1258 2272 Mommsenum
1279 2191 1369 2249 vol.I
1389 2211 1420 2268 p.
1437 2189 1511 2250 566.

1006 2603 1065 2662 ΙΙΙ.

454 2717 670 2795 Fragmentum
686 2717 896 2779 ¹marmoreum
921 2731 1071 2798 repertum
1092 2723 1202 2782 ibidem
1225 2725 1388 2801 eodemque
1408 2725 1478 2784 loco
1499 2723 1680 2791 adservatum,

371 2817 442 2876 item
457 2817 602 2878 effossum
623 2837 650 2877 a.
665 2819 758 2878 1872:
781 2821 899 2879 videtur
912 2823 1048 2900 proxime
1064 2825 1148 2902 sequi
1163 2826 1361 2903 fragmentum
1377 2825 1581 2906 Capitolinum
1591 2821 1679 2883 XVII.

433 2973 521 3034 Varr.
538 2978 598 3038 559
743 2994 784 3050 Q·
797 2995 913 3038 Nisuetae.
928 3009 949 3048 q.
956 2997 977 3048 s.
991 3001 1005 3040 t.
1019 3009 1041 3040 a.
1055 3001 1148 3043 thaman
1163 3013 1199 3043 aa.
1214 3001 1268 3068 iiiia

783 3097 818 3138 PR
830 3106 886 3138 ocos.
901 3109 929 3140 ea
942 3099 1045 3151 sirpeam
1058 3101 1158 3144 citeriore
1172 3133 1223 3145 .....
1280 3162 1282 3166 ¹

539 3179 601 3240 560
741 3197 915 3240 morracio.
929 3211 957 3241 m.
971 3199 985 3242 t.
1001 3207 1055 3243 cato.
1065 3211 1155 3254 procos.
1169 3215 1206 3269 aa.
1221 3204 1268 3246 itia

781 3299 859 3342 stein
872 3300 959 3354 spania.
974 3301 1074 3344 citeriore
1088 3334 1164 3347 .......

453 3432 455 3436 ,
540 3379 601 3442 560

540 3687 599 3751 563

539 3987 597 4050 563
734 4023 759 4065 p.
773 4023 797 4056 co
811 4007 872 4034 Μ
896 4015 931 4056 ins
946 4013 1007 4064 cs.s.
1023 4017 1036 4056 t.
1050 4025 1071 4056 a.
1086 4013 1155 4066 scipio
1170 4025 1206 4056 aa.
1221 4015 1277 4056 dlxii

781 4114 867 4157 amica.
884 4125 927 4156 coa.
942 4115 969 4157 dc
983 4115 1028 4158 bois
1043 4145 1109 4158 ......

373 4167 542 4250 Descripsi.

321 4287 333 4302 '
431 4271 490 4332 559
528 4277 575 4338 cf.
597 4279 703 4339 Livius
719 4279 770 4354 32,
784 4279 840 4340 28:
861 4281 1027 4366 Hispanias
1049 4283 1234 4360 Semproniae
1257 4285 1422 4357 citeriorem,
1445 4283 1564 4344 Helvius
1584 4273 1680 4339 altmo-

528 4397 587 4439 rem
614 4389 657 4440 est
680 4385 807 4442 sortitas.
855 4383 933 4442 Item
956 4385 1009 4457 34,
1027 4383 1078 4442 10:
1203 4383 1246 4443 M.
1273 4385 1378 4445 Helvio
1407 4386 1547 4446 decedenti
1571 4399 1601 4442 m
1623 4379 1680 4439 aite-

527 4485 604 4542 riore
625 4483 775 4558 Hispania
802 4491 832 4546 ct
852 4493 922 4561 post
942 4486 1015 4544 alia:
1043 4497 1162 4548 ceteram
1182 4487 1293 4546 ticonio
1308 4495 1380 4564 post
1398 4488 1532 4558 redierat,
1554 4501 1610 4544 cam
1623 4495 1680 4558 pro·

527 4587 625 4645 ciseia
650 4588 807 4644 successori
831 4585 866 4656 Q.
889 4571 1018 4646 Minucio
1045 4588 1153 4647 tradita
1179 4606 1285 4647 canam
1311 4591 1499 4665 insequentem
1519 4593 1631 4646 retmtat
1648 4575 1680 4672 iii

529 4678 612 4761 leupo
635 4695 661 4744 et
680 4691 766 4762 pravi
778 4690 888 4762 scisset
908 4689 1013 4747 morio.
1049 4691 1146 4766 itaque
1169 4689 1277 4748 daciae
1298 4689 1381 4748 mocio
1398 4691 1536 4750 mamitos
1550 4677 1680 4746 aoteHel·

526 4787 589 4844 oim
619 4803 708 4846 ceam
733 4788 832 4847 artem
860 4798 902 4848 est
929 4793 1089 4866 inpressae,
1119 4807 1205 4866 qaam
1233 4807 1377 4850 successor
1405 4793 1465 4850 eice
1493 4789 1527 4860 Q.
1554 4782 1679 4846 Minoam

528 4886 723 4962 triumpharet.
753 4889 835 4971 ‘Item
857 4890 977 4962 34,17:
999 4893 1113 4950 interim
1126 4891 1160 4950 P.
1176 4889 1313 4951 Montius
1329 4900 1452 4968 praetor
1472 4891 1590 4952 eccrcitu
1607 4891 1680 4944 cerm

528 5003 548 5044 c
570 4984 605 5056 Q.
627 4987 773 5062 Mmccio,
798 4994 845 5051 mi
864 5001 1053 5076 successerat,
1076 5002 1206 5070 accepto,
1228 4992 1362 5052 adiuncto
1384 5001 1411 5052 et
1431 4990 1490 5071 Ap.
1515 4988 1613 5052 Oiaadi
1630 4977 1678 5042 Ne·

445 5111 455 5128 ¹
528 5091 606 5148 roais
634 5107 668 5147 ec
692 5089 827 5151 citeriore
852 5092 1000 5168 Hispania
1027 5105 1116 5153 vetere
1140 5097 1206 5152 item
1234 5096 1357 5154 ecermta
1382 5103 1438 5154 cet.
1488 5091 1540 5166 33,
1559 5087 1609 5148 43:
1629 5094 1679 5160 per

529 5206 659 5250 samaras
681 5231 791 5252 ......
813 5193 848 5252 Ρ.
871 5194 986 5253 Manlio
1006 5197 1039 5252 is
1060 5197 1218 5256 citeriorem
1236 5195 1414 5274 Hispaniam
1436 5195 1558 5255 decretae
1579 5198 1602 5248 et
1620 5182 1677 5258 lepte
