3654 6072
559 643 856 698 OBSERVATIONES
874 643 994 696 EPIGR.
1013 645 1053 695 11.

672 817 714 875 Μ.
738 814 857 876 Silanus

400 915 1099 1011 Μ
1122 949 1269 1011 clauus?

435 1051 497 1092 cos.
522 1032 581 1091 tas

503 1114 508 1261 Ι
734 1233 1473 1272 ...-.-.-....-..-,

298 1266 674 1330 M.SilanusvDomitia
740 1267 775 1327 C.
792 1267 914 1326 Silanus
957 1269 997 1326 M.
1015 1268 1135 1328 Silanus
1179 1268 1217 1328 D.
1235 1269 1281 1330 Si·
1324 1273 1461 1334 luniaC.

534 1348 681 1408 Calvina?
734 1349 768 1409 C.
784 1351 805 1408 f.
821 1351 862 1408 M.
878 1372 907 1408 n.
965 1349 1000 1409 C.
1019 1353 1117 1410 teos.
1181 1353 1269 1413 lanus
1331 1353 1427 1415 Silani
1441 1359 1462 1416 f.

704 1433 926 1491 cos.763=10
960 1433 1123 1493 768--15
1319 1436 1474 1516 Torquate

157 1602 292 1660 Aemilia
315 1630 352 1656 υ
376 1599 417 1658 M.
433 1597 553 1659 Silanus
565 1599 606 1656 M
621 1599 642 1656 f.
721 1597 756 1656 C.
779 1515 897 1674 Apipius
1002 1517 1090 1658 Initia
1112 1631 1149 1656 υ
1173 1599 1340 1661 C.Caesar
1421 1689 1423 1694 Ι

164 1685 285 1760 Lepida
425 1681 598 1756 Torquatus
749 1679 871 1740 Silanus
971 1681 1123 1742 Claudilla
1221 1685 1291 1761 imp.

141 1768 299 1845 proneptis
387 1783 449 1824 cos.
467 1765 526 1822 tta
540 1789 577 1814 =
593 1765 630 1823 19
706 1781 766 1821 cos.
778 1765 877 1822 781=
888 1763 926 1850 2⁴8

153 1852 289 1927 Augusti

160 2020 1452 2059 p——ffl--·—---—-—————·-———-——q

185 2059 228 2115 Μ.
245 2055 368 2116 Silanus
420 2054 458 2112 1..
474 2052 597 2114 Silanus
613 2054 689 2110 Tor·
733 2053 770 2111 D.
787 2055 893 2112 Iunius
936 2055 1023 2112 Iunia
1037 2055 1153 2130 Lepida
1194 2057 1281 2115 lunia
1294 2059 1335 2116 M.
1352 2057 1449 2119 Silani

154 2139 400 2198 natus767==14
442 2147 550 2214 quatus
566 2137 606 2194 M.
623 2135 668 2196 Si·
753 2134 875 2196 Silanus
949 2136 1044 2196 Silani
1067 2139 1143 2196 Tor·
1233 2140 1254 2198 f.
1279 2139 1406 2200 Calvina

214 2240 277 2281 cos.
300 2221 340 2280 46
447 2221 510 2278 lani
521 2219 553 2290 f.,
569 2227 657 2277 natus
726 2219 897 2295 Torquatus
934 2221 1016 2296 quati
1031 2221 1161 2296 innupta
1216 2232 1309 2298 nupta
1322 2223 1359 2281 L.
1375 2225 1422 2283 vi-

414 2323 441 2361 a
458 2310 508 2360 aut
524 2301 561 2360 23
579 2310 630 2360 aut
646 2301 694 2374 27,
756 2321 817 2360 cos.
841 2303 878 2360 53
970 2301 1005 2361 C.
1022 2301 1129 2362 Cassio
1282 2307 1366 2365 tellio

408 2403 538 2462 sponsus
554 2385 698 2444 Octaviae
983 2385 1120 2461 Longino

429 2467 548 2528 Claudii
561 2469 633 2544 imp.
649 2467 669 2526 f.

165 2625 204 2684 1..
219 2625 323 2683 Iunius
340 2621 387 2684 Si-

155 2709 246 2767 lanus
262 2707 399 2783 Torqua-

202 2801 251 2848 tus
274 2789 349 2862 165
409 2813 415 2820 ·

146 2939 221 3000 Non
247 2941 414 3018 recepimus
438 2937 472 2998 C.
499 2939 620 2998 lunium
643 2935 677 2998 C.
705 2938 725 2996 f.
751 2937 885 2999 Silanum
913 2958 973 2998 cos.
996 2959 1023 2998 a.
1041 2939 1116 3012 738,
1144 2960 1204 3000 non
1227 2943 1296 3002 ausi
1317 2962 1384 3002 cum
1406 2944 1480 3004 Bor-

147 3043 256 3120 ghesio
285 3059 469 3118 praenomen
497 3041 592 3116 patris
621 3059 660 3097 ex
690 3037 767 3098 Gaio
795 3041 827 3098 in
855 3041 989 3099 Marcum
1017 3049 1148 3113 mutare,
1175 3062 1230 3102 nac
1251 3047 1348 3122 magis
1376 3044 1411 3104 L.
1436 3045 1482 3106 Si·

146 3145 237 3202 lanos
260 3143 334 3200 duos
357 3142 530 3201 consulatus
552 3141 709 3217 petitorem
732 3159 759 3198 a.
776 3141 835 3199 733
858 3142 998 3214 alterum,
1022 3143 1149 3200 alterum
1171 3145 1324 3203 consulem
1347 3165 1371 3204 c.
1388 3166 1415 3204 a.
1432 3146 1481 3206 27.

146 3247 313 3304 Praeterea
328 3241 365 3316 Q.
382 3241 531 3302 Caecilius
545 3243 586 3300 M.
601 3242 622 3300 l.
638 3243 778 3300 Metellus
794 3240 932 3300 Creticus
943 3244 1050 3302 consul
1070 3264 1097 3304 a.
1113 3265 1141 3302 u.
1159 3263 1183 3302 c.
1201 3245 1261 3304 760
1274 3269 1311 3298 ==
1328 3265 1358 3323 p.
1375 3246 1446 3319 Chr.
1464 3250 1480 3306 7

148 3355 249 3405 aetate
276 3353 434 3421 provectus
459 3345 518 3403 iam
546 3354 575 3402 et
601 3343 769 3402 consularis
797 3343 957 3420 adoptatus
984 3345 1024 3402 sit
1048 3363 1170 3404 necesse
1192 3356 1239 3404 est
1260 3365 1279 3404 a
1300 3347 1387 3405 Iunio
1409 3367 1482 3423 quo-

148 3449 220 3506 dam
248 3445 367 3519 Silano,
398 3447 477 3504 unde
512 3447 578 3522 ipse
611 3456 718 3520 postea
746 3445 855 3502 dicitur
881 3443 1002 3503 Silanus
1034 3446 1173 3516 Creticus,
1198 3446 1262 3505 filia
1287 3448 1367 3519 eius,
1397 3449 1483 3508 cuius

149 3549 283 3626 elogium
310 3567 406 3624 nuper
431 3547 541 3624 optime
567 3547 699 3604 restitnit
719 3546 881 3604 Henzenus
910 3545 960 3620 (in
986 3547 1061 3604 actis
1090 3547 1173 3604 acad.
1195 3547 1296 3606 Berol.
1319 3549 1484 3609 minoribus

152 3648 244 3722 1866,
266 3647 352 3724 247),
374 3648 513 3706 defuncta
534 3667 560 3708 c.
576 3667 602 3706 a.
621 3648 669 3720 19,
692 3666 757 3707 cum
780 3665 895 3722 sponsa
915 3655 996 3705 esset
1009 3646 1141 3708 Neronis
1158 3646 1330 3707 Germanici
1344 3649 1375 3722 f.,
1396 3650 1485 3710 Iunia

151 3752 295 3824 Silarus.
324 3749 408 3824 (vida
434 3767 510 3824 quae
533 3749 597 3806 dixi
617 3749 648 3806 in
670 3748 800 3806 Hermae
822 3746 915 3805 voli
938 3769 967 3825 p.
987 3748 1073 3824 126);
1101 3758 1132 3808 at
1153 3768 1220 3807 cum
1243 3769 1280 3807 ne
1301 3750 1338 3808 de
1360 3769 1484 3827 praeno·

152 3853 234 3911 mine
256 3851 375 3927 quidem
397 3857 529 3922 constet,
557 3849 669 3908 frustra
689 3850 875 3924 quaerimus,
897 3851 1017 3925 quinam
1041 3869 1080 3908 ex
1102 3849 1215 3912 Silanis
1236 3871 1303 3910 eum
1326 3852 1486 3929 adoptarit.

152 3953 294 4028 Denique
316 3953 353 4010 de
376 3950 487 4010 Silonis
507 3949 666 4009 Gaetulicus
689 3970 749 4008 non
770 3951 868 4008 habeo
890 3953 970 4027 quod
992 3952 1100 4009 addam
1122 3953 1305 4012 enarrationi
1326 3951 1488 4030 Borghesii

152 4056 187 4131 (l.
204 4075 229 4112 c.
253 4073 281 4129 p.
299 4052 374 4128 214)
400 4053 598 4129 probabiliter
620 4070 672 4110 eos
693 4051 855 4128 repetentis
878 4070 897 4110 a
919 4051 958 4110 D.
982 4051 1086 4112 Silano
1108 4054 1200 4112 fratre
1223 4056 1381 4114 consulum
1404 4075 1430 4112 a.
1449 4056 1487 4113 10

128 4156 248 4227 ι(1115.
296 4155 375 4212 Eum
401 4154 504 4212 liberis
530 4160 680 4212 carentem
709 4153 871 4227 adoptasse
897 4153 992 4212 videri
1018 4154 1112 4212 filium
1141 4153 1195 4213 Cn.
1224 4155 1346 4213 Lentuli
1373 4153 1488 4218 Gaetu-

152 4259 204 4318 lici
226 4256 361 4316 consulis
389 4273 416 4312 a.
433 4254 471 4314 26
500 4254 541 4330 (v.
566 4263 692 4312 stemma
713 4251 923 4312 Corneliorum
949 4255 1029 4330 quod
1050 4255 1185 4314 dedimus
1205 4257 1222 4314 I
1243 4275 1273 4333 p.
1293 4255 1350 4331 14)
1377 4257 1488 4316 dictum

152 4369 314 4437 propterea
334 4357 374 4414 D.
396 4355 516 4414 Iunium
539 4353 673 4416 Silanum
690 4352 889 4428 Gaetulicum,
912 4375 991 4414 anno
1006 4375 1035 4432 p.
1052 4355 1123 4416 Chr.
1140 4357 1178 4415 63
1201 4366 1353 4432 receptum
1374 4359 1407 4415 in
1428 4358 1487 4415 col-

153 4461 268 4536 legium
300 4457 421 4534 aliquod
451 4457 553 4516 nobile
580 4457 782 4526 sacerdotnm3
816 4456 853 4514 ab
887 4458 944 4514 hoc
971 4465 1073 4514 natum
1100 4475 1167 4514 esse
1194 4457 1235 4514 M.
1264 4457 1383 4515 Iunium
1410 4455 1488 4516 Sila·
1550 4523 1553 4528 ,

154 4581 227 4619 num
248 4560 402 4618 Lutatium
426 4556 583 4628 Catulum,
612 4559 695 4615 cuius
718 4557 850 4616 defuncti
872 4577 950 4616 anno
972 4559 1079 4616 aetatis
1100 4558 1242 4616 vicesimo
1264 4558 1359 4634 primo
1382 4559 1487 4618 titulus

154 4669 291 4738 repertus
320 4668 366 4718 est
390 4661 422 4718 in
448 4659 585 4735 sepulcro
608 4656 783 4735 Scipionum
806 4657 914 4732 (Orell.
937 4657 1023 4734 560).
1066 4656 1185 4718 Silanos
1209 4668 1287 4716 certe
1312 4657 1488 4719 Gaetulicos

154 4765 233 4822 inter
259 4762 404 4838 patricios
433 4760 565 4818 adlectos
594 4777 661 4817 esse
688 4759 757 4818 inde
785 4759 959 4834 colligitur,
979 4759 1059 4834 quod
1084 4759 1133 4816 hic
1159 4759 1268 4817 saliare
1290 4761 1488 4823 sacerdotium

155 4865 269 4924 habuit
314 4860 444 4937 Stirpem
472 4881 536 4918 eam
566 4862 605 4918 ad
627 4860 752 4918 Traiani
773 4868 900 4918 aetatem
928 4861 1052 4920 durasse
1074 4859 1257 4938 Borghesius
1285 4871 1365 4936 recte
1392 4863 1490 4922 effecit

157 4985 195 5025 ex
216 4967 285 5024 loco
306 4963 460 5022 Iuvenalis
484 4963 513 5034 8,
529 4961 583 5034 263
605 4962 642 5020 ad
666 4961 797 5037 Augusti
818 4969 916 5018 autem
938 4961 1109 5036 progeniem
1132 4981 1249 5033 canon
1270 4963 1422 5039 pertinuit.

240 5067 370 5124 Restant
401 5065 478 5122 dnae
510 5063 752 5136 observationes,
786 5063 879 5120 altera
914 5062 950 5119 de
978 5063 1193 5124 coniunctione,
1215 5082 1292 5139 quaa
1320 5065 1491 5124 intercessit

158 5169 235 5228 inter
255 5167 362 5225 Iunios
385 5163 505 5225 Silanos
533 5174 562 5222 et
582 5165 714 5222 Manlios
737 5163 925 5238 Torquatos,
958 5163 1053 5221 altera
1082 5164 1119 5222 de
1146 5165 1291 5224 affinitate
1318 5183 1408 5241 quam
1437 5185 1488 5224 vo·

157 5270 223 5330 lunt
243 5269 337 5327 fuisse
358 5267 526 5326 interillos
548 5275 578 5325 et
601 5263 746 5326 Claudios
769 5264 921 5341 patricios.
964 5264 1006 5343 Et
1025 5265 1108 5324 illius
1130 5267 1249 5344 quidem
1272 5267 1489 5326 coniunctionis

1241 5370 1263 5466 ιὃ
