3568 6070
291 611 364 680 144
696 581 699 586 ’
858 619 1040 674 uonusuu

287 715 1611 740 ...m-W

291 797 432 860 112764.
455 794 551 871 2765)
578 811 665 870 quam
688 811 708 850 a
728 791 878 850 Bursiano
900 791 996 868 (Ball.
1021 787 1086 850 dell’
1106 790 1180 846 loct.
1204 787 1283 848 1855
1305 805 1334 863 p.
1349 788 1480 864 XXX),
1505 789 1614 846 collata

290 901 418 976 denique
442 915 538 972 nuper
563 914 582 952 a
601 893 770 964 Koeblero,
797 911 850 951 nec
876 892 964 950 latuit
986 891 1066 950 viros
1088 891 1209 960 doctos,
1235 889 1287 963 qui
1308 907 1362 966 per
1382 890 1438 947 bos
1460 907 1555 946 annos
1577 889 1614 946 de

290 999 412 1060 familiis
434 997 496 1055 illis
519 1001 656 1071 egerunt,
684 1001 783 1052 tamen
804 993 843 1050 ad
868 1009 944 1068 quos
964 991 1085 1069 proprie
1106 989 1268 1066 pertineat,
1289 989 1320 1046 in
1342 997 1426 1048 tanta
1445 991 1533 1048 turba
1552 998 1614 1048 tam

290 1101 474 1160 Liciniorum
503 1114 591 1172 quam
614 1091 846 1170 Calpurniorum
872 1091 1003 1151 nondum
1024 1091 1214 1168 exploratum
1235 1096 1291 1148 est.
1335 1089 1499 1163 Quaerenti
1521 1089 1558 1146 de
1579 1109 1615 1146 ea

289 1200 520 1274 Dittenbergero
541 1213 618 1271 quae
638 1194 790 1270 respondi,
811 1195 939 1252 licetne
961 1193 1033 1250 mihi
1054 1191 1172 1267 quidem
1196 1191 1384 1262 successerit,
1404 1198 1438 1247 ut
1460 1191 1562 1248 omnia
1578 1190 1616 1246 ad

290 1301 439 1380 liquidnm
457 1297 659 1373 perducerem,
682 1301 780 1352 tamen
802 1313 863 1352 non
883 1293 1008 1368 indigna
1021 1293 1088 1350 visa
1103 1299 1182 1363 sunt,
1205 1309 1281 1366 quae
1294 1291 1343 1348 hic
1357 1290 1571 1367 proferrentur.

375 1399 510 1460 Titulum
538 1396 667 1472 optimae
695 1395 801 1452 aetatis
828 1411 895 1452 esse
923 1411 990 1452 cum
1017 1391 1086 1450 inde
1114 1391 1276 1468 colligitur,
1304 1391 1384 1466 quod
1404 1393 1535 1449 honores
1555 1407 1617 1446 non

292 1509 452 1579 ponuntur,
478 1505 541 1556 tum
563 1495 692 1554 maxime
714 1513 752 1553 ex
773 1495 885 1567 forma,
912 1512 989 1570 quaa
1010 1499 1057 1550 est
1078 1483 1266 1571 Καλπέρνιος,
1292 1491 1470 1567 praehabita
1491 1492 1520 1548 ei
1541 1507 1618 1565 quae

292 1609 399 1681 postea
423 1597 550 1658 obtinuit
574 1612 721 1673 expressa
746 1613 799 1672 per
826 1615 867 1651 oa.
910 1593 990 1653 Nam
1017 1593 1231 1652 demonstravit
1251 1610 1347 1669 nuper
1366 1591 1618 1666 Dittenbergerus

293 1705 324 1762 in
343 1701 475 1761 Hermae
494 1699 553 1758 vol.
570 1698 588 1755 6
609 1717 639 1774 p.
656 1695 716 1753 984
735 1694 878 1754 Latinum
905 1715 936 1750 aa
964 1712 1020 1769 pro
1046 1693 1213 1768 antiquiore
1239 1715 1252 1748 o
1276 1692 1309 1749 in
1328 1693 1439 1750 talibus
1461 1711 1480 1750 a
1501 1690 1619 1750 Tiberii

292 1805 355 1862 fere
382 1809 478 1860 aetate
502 1799 650 1876 incipere,
679 1796 877 1871 antiquiorem
904 1793 1052 1853 scribendi
1077 1794 1223 1852 rationem
1244 1801 1313 1870 post
1332 1793 1461 1868 primum
1482 1801 1620 1851 nostrum

202 1900 214 1917 ¹
294 1889 446 1964 saeeuium
466 1919 527 1959 non
548 1898 676 1974 amplius
698 1915 863 1968 occurrere,
885 1903 919 1954 ut
940 1895 986 1953 vel
1007 1913 1046 1954 ex
1066 1895 1124 1952 hoc
1145 1894 1211 1952 solo
1232 1901 1406 1970 argumento
1421 1895 1619 1952 constettitu-

293 2007 356 2064 lum
376 2022 445 2062 eum
466 2001 502 2058 de
523 2018 584 2076 quo
606 1998 722 2075 agimus
744 1997 877 2055 Traiano
898 1995 1077 2054 anteriorem
1098 2011 1176 2054 esse.

313 2089 316 2095 ⁵
376 2105 465 2163 Duae
493 2107 611 2160 statuae
636 2098 730 2157 eidem
757 2097 825 2156 basi
850 2097 1008 2172 impositae
1036 2111 1184 2154 cumnon
1204 2096 1394 2154 inveniantur
1415 2095 1474 2153 nisi
1495 2094 1528 2152 in
1548 2111 1621 2152 con-

294 2207 403 2265 iunctis
430 2200 583 2281 personis,
610 2199 741 2257 maxime
766 2197 797 2255 in
824 2198 1015 2274 coniugibus,
1041 2196 1119 2255 inter
1143 2195 1226 2254 basis
1252 2196 1334 2255 illius
1358 2195 1395 2254 L.
1417 2195 1561 2254 Pisonem
1590 2202 1622 2253 et

294 2309 337 2366 M.
366 2303 462 2380 Frugi
492 2299 680 2360 necessitudo
712 2298 815 2373 aliqua
841 2297 1042 2356 intercesserit
1067 2313 1192 2356 necesse
1220 2303 1273 2356 est.
1322 2296 1487 2356 Videamus
1517 2297 1621 2374 igitur,

296 2409 348 2484 qui
369 2403 522 2464 extiterint
543 2400 649 2461 Crassi
668 2399 774 2477 Frugi,
800 2407 831 2458 et
854 2398 923 2459 inde
944 2397 1070 2475 profecti
1092 2415 1238 2474 quosnam
1258 2397 1281 2456 ii
1300 2397 1442 2474 aequales
1462 2398 1623 2456 habuerint

296 2508 332 2567 L.
354 2507 494 2565 Pisones.

380 2605 483 2683 Frugi*
497 2619 662 2680 cognomen
683 2609 780 2662 aetate
801 2601 913 2661 liberae
933 2600 978 2659 rei
999 2600 1136 2676 publicae
1151 2599 1304 2676 proprium
1317 2599 1374 2657 fuit
1388 2597 1622 2675 Calpurniorum

297 2709 457 2778 Pisonum,
483 2722 610 2780 quorum
637 2703 752 2778 primus
778 2701 810 2760 id
835 2701 949 2778 aceepit
970 2710 1000 2760 et
1020 2701 1058 2758 ad
1079 2710 1217 2778 posteros
1237 2701 1416 2776 propagavit
1435 2699 1471 2759 L.
1495 2698 1622 2777 Calpur·

297 2810 366 2867 nius
387 2807 423 2866 L.
445 2805 467 2863 f.
481 2803 665 2879 PisoFrugi
686 2809 722 2860 tr.
744 2803 786 2880 pl.
808 2822 835 2862 a.
852 2803 922 2874 605,
944 2819 1006 2860 cos.
1029 2819 1055 2858 a.
1072 2800 1183 2876 6211),
1205 2801 1285 2860 idem
1306 2820 1404 2858 rerum
1418 2801 1622 2860 Romanarum

297 2909 432 2984 locuples
454 2913 566 2963 auctor.
602 2901 750 2962 Videntur
772 2911 872 2962 antem
892 2903 1021 2961 Pisones
1044 2901 1137 2978 Frugi
1159 2910 1190 2960 et
1209 2901 1336 2960 Pisones
1353 2899 1527 2973 Caesonini,
1547 2920 1622 2978 quo-

298 3029 364 3068 rum
385 3008 524 3084 princeps
546 3009 593 3061 est
612 3002 648 3060 1..
665 3001 848 3080 Calpurnius
871 3001 905 3062 C.
927 3003 950 3060 f.
967 3001 1001 3062 C.
1023 3022 1052 3060 n.
1074 3002 1149 3060 Piso
1168 2999 1356 3060 Caesoninus
1379 3003 1484 3060 consul
1505 3015 1535 3061 a:
1550 3003 1622 3075 606,

242 3111 244 3116 ’
298 3107 426 3188 profecti
450 3123 517 3164 esse
545 3105 582 3161 ab
610 3103 714 3162 eadem
736 3104 842 3182 stirpe,
871 3103 985 3162 scilicet
1005 3119 1177 3162 communes
1199 3103 1328 3162 maiores
1350 3103 1490 3162 habuisse
1514 3101 1549 3162 C.
1570 3103 1623 3161 Pi·

225 3249 228 3256 ·
299 3228 403 3270 sonem
425 3205 460 3266 C.
482 3206 504 3263 f.
528 3203 562 3264 C.
584 3223 613 3262 n.
640 3203 795 3263 consulem
821 3222 848 3261 a.
864 3203 925 3262 574
952 3211 982 3262 et
1003 3201 1036 3262 C.
1059 3203 1203 3261 Pisonem
1228 3212 1396 3278 praetorem
1422 3222 1449 3261 a.
1466 3203 1541 3276 543,
1570 3205 1624 3278 qui

298 3311 398 3388 primi,
420 3314 564 3384 quantum
585 3303 703 3381 quidem
725 3321 780 3362 nos
803 3303 1010 3382 comperimus,
1031 3311 1148 3379 gentem
1163 3301 1358 3378 Calpurniam
1375 3303 1622 3376 nobilitaverunt;

299 3430 368 3470 nam
391 3416 420 3467 et
440 3405 601 3484 propinqui
622 3405 679 3463 sibi
701 3402 873 3480 dicuntur2)
896 3413 927 3463 et
946 3405 1142 3481 praenomina
1155 3402 1226 3463 Caii
1247 3413 1277 3462 ct
1290 3403 1377 3463 Lucii
1397 3405 1515 3480 utrique
1536 3405 1624 3480 stirpi

299 3509 468 3570 communia
495 3513 564 3566 sunt
591 3514 622 3564 et
648 3505 786 3564 extinctis
806 3504 970 3563 Pisonibus
991 3503 1085 3580 Frugi
1110 3521 1276 3580 cognomen
1296 3505 1354 3562 hoc
1375 3505 1413 3562 ad
1435 3503 1623 3567 Caesoninos

299 3621 450 3687 tamquam
475 3607 628 3686 gentilicio
648 3605 713 3664 iure
733 3605 851 3663 videtur
874 3605 1038 3664 transiisse.
1081 3604 1161 3664 Nam
1182 3623 1250 3664 cum
1270 3605 1416 3664 Pisonum
1438 3605 1534 3682 Frugi
1553 3606 1624 3664 ulti-

300 3731 378 3783 mus,
393 3728 482 3785 quem
497 3707 616 3784 quidem
630 3707 773 3778 norimus,
788 3703 885 3764 Gaius
900 3705 1157 3782 quaestoresue
1172 3723 1262 3783 gener
1278 3703 1431 3764 Ciceronis
1446 3706 1623 3766 adulescens

301 3811 410 3870 obierit
429 3825 506 3866 anno
528 3805 718 3882 sequente³)‚
739 3823 905 3883 cognomen
926 3825 997 3864 mox
1017 3805 1095 3864 redit
1114 3807 1146 3864 in
1167 3805 1202 3864 L.
1226 3803 1389 3881 Calpurnio
1409 3805 1445 3864 L.
1467 3807 1489 3864 f.
1511 3807 1624 3866 Pisone

300 3913 396 3986 Frugi
422 3907 545 3968 consule
571 3925 598 3964 a.
615 3905 674 3964 739
684 3905 729 3982 4),
756 3924 843 3982 quem
869 3915 988 3966 constat
1013 3914 1134 3966 auctore
1155 3906 1263 3966 Tacito
1289 3905 1372 3982 (aun.
1396 3905 1494 3982 6,10)
1519 3916 1625 3966 natum

300 4101 503 4115 ,.-..-.---

378 4234 402 4297 1)
432 4233 472 4284 Ci.
497 4233 662 4282 Drnmannus
688 4235 718 4294 2,
738 4235 831 4298 81seq.
875 4233 959 4284 Patris
982 4251 1076 4286 nomen
1100 4235 1247 4285 rescivimus
1272 4249 1305 4284 ex
1328 4235 1500 4286 monumentis
1521 4234 1549 4294 Ι,
1570 4234 1623 4284 196

302 4327 337 4392 (p.
352 4325 396 4388 69)
415 4341 440 4374 v.
455 4325 490 4374 74
516 4330 542 4372 et
559 4325 585 4384 I,
607 4323 668 4373 642.
707 4321 756 4374 Gai
780 4306 866 4388 nepos¹
879 4325 955 4389 vulgo
978 4326 1120 4390 appellatur
1143 4327 1198 4376 sine
1217 4329 1328 4376 auctore.
1366 4325 1529 4390 Cognomen,
1555 4325 1625 4389 quod

300 4422 401 4482 ponunt
417 4415 468 4478 ipsi
486 4413 547 4464 fasti
560 4413 699 4478 Capitolini
719 4412 743 4474 (I
761 4429 787 4478 p.
801 4413 875 4476 438),
895 4429 953 4465 eum
971 4417 1083 4480 primum
1101 4417 1223 4466 meruisse
1242 4417 1336 4466 diserte
1349 4417 1387 4466 ait
1401 4416 1538 4466 adnotator
1551 4415 1624 4465 Cice-

300 4509 371 4558 ronis
388 4505 525 4556 Bobieusis
548 4520 573 4568 p.
589 4505 651 4554 233.
687 4504 832 4570 Diligenter
856 4505 888 4555 dc
912 4521 943 4556 eo
968 4507 1034 4556 dixit
1057 4521 1139 4572 nuper
1161 4507 1249 4556 Herm.
1270 4507 1349 4556 Peter
1371 4506 1430 4556 hist.
1449 4506 1525 4557 Rom.
1549 4507 1625 4571 reliq.

301 4613 327 4662 p.
340 4597 533 4648 CLXXXVIII
541 4611 593 4660 seq.

378 4683 403 4747 ⁹)
427 4679 459 4735 L.
479 4685 541 4736 Piso
562 4685 721 4736 Caesoninus
740 4687 829 4735 consul
847 4701 871 4735 a.
886 4687 938 4736 696
958 4688 1116 4752 propinquus
1135 4687 1227 4737 dicitnr
1243 4687 1346 4738 Pisonis
1363 4687 1442 4750 Frugi
1459 4687 1509 4736 viri
1522 4687 1626 4738 Tulliae

302 4777 371 4840 apud
391 4775 541 4826 Ciceronem
565 4791 622 4826 cum
646 4790 700 4826 sen.
719 4791 757 4840 gr.
777 4791 823 4840 eg..
837 4777 883 4840 15,
900 4778 933 4828 38
959 4784 985 4827 et
1007 4793 1055 4842 pro
1074 4778 1141 4830 Sest.
1161 4777 1205 4840 31,
1219 4778 1268 4839 68,
1293 4778 1379 4828 affinis
1398 4777 1530 4828 Ciceronis
1555 4778 1626 4842 apud

301 4867 386 4930 ipsum
404 4879 451 4928 pro
471 4865 537 4916 Sest.
558 4867 632 4916 8fin.

204 4966 210 4980 ⁴
305 4995 308 5002 .
379 4952 404 5016 ³)
430 4954 568 5004 Drumann
586 4958 610 5018 2,
626 4957 669 5006 83.

377 5041 403 5106 4)
430 5045 499 5096 Nam
517 5041 551 5094 A.
569 5033 742 5114 Kalsoipnor
758 5045 792 5097 A.
806 5047 840 5097 υἱ.
862 5042 951 5098 Πίσων
971 5036 1092 5116 estanar
1110 5048 1203 5098 dicitur
1221 5048 1249 5098 in
1266 5047 1355 5098 Indice
1373 5048 1480 5110 Dionis,
1505 5049 1550 5099 ubi
1574 5049 1624 5100 boc

304 5140 451 5198 corruptum
470 5149 525 5186 esse
543 5142 650 5201 apparet
668 5151 701 5186 ex
719 5135 822 5206 Φροῢγι.
856 5140 995 5192 Praeterea
1012 5140 1067 5190 solo
1080 5139 1184 5190 Pisonis
1202 5139 1353 5204 cognomine
1371 5139 1522 5204 appellatur,
1540 5153 1624 5204 neque

302 5240 422 5290 umquam
441 5225 580 5278 Caesonini
598 5227 622 5277 ei
640 5227 767 5278 tribuitur.
