3568 6070
535 621 702 673 uvuurus
720 581 962 710 consumam.
1338 607 1409 678 lut

92 807 117 854 et
136 796 182 854 XI
201 795 348 853 kalendas
364 793 496 872 Apriles·
506 795 683 871 magistratu
697 796 789 854 functi
804 815 872 856 esse
886 797 1076 856 inveniantur
1097 797 1149 874 (cl.
1165 799 1224 858 tab.
1240 801 1309 860 hon.
1325 803 1409 870 miss.
1462 853 1465 860 .

91 898 144 957 vol.
158 897 216 969 ΙΙΙ,
235 897 372 956 XXXII.
391 895 567 973 XXXIII),
592 896 721 972 primum
742 906 821 956 certe
842 881 1007 957 nundinum
1030 918 1088 958 non
1110 901 1251 961 bimestre
1271 903 1335 972 suit,
1358 903 1412 964 sed

90 1010 136 1058 aut
155 1000 304 1058 trimestre
326 1007 379 1058 aut
399 998 626 1074 quadrimestre.
662 997 730 1056 Hoc
751 1008 849 1058 autem
871 999 944 1058 mihi
958 1000 1055 1080 magis
1070 1003 1226 1077 probatur:
1248 1021 1316 1062 nam
1332 1024 1411 1064 anno

90 1119 200 1177 quoque
226 1101 286 1159 134
311 1099 543 1177 quadrimestria
563 1099 658 1160 fuisse
679 1100 813 1158 nundina
834 1101 940 1160 consul
961 1101 1092 1161 ostendit
1111 1104 1282 1166 ordinarius
1303 1106 1340 1164 Τ.
1357 1106 1411 1165 Vi·

89 1203 149 1260 bins
163 1202 264 1260 Varus
294 1221 360 1264 cum
383 1202 420 1261 T.
447 1200 575 1260 Haterio
596 1199 715 1279 Nepote
742 1219 916 1261 successore
940 1201 1076 1264 Serviani
1096 1197 1208 1265 ¹consul
1236 1217 1305 1266 aute
1333 1209 1411 1268 diem

89 1304 145 1362 IlII
163 1323 260 1362 nonas
275 1304 398 1381 Apriles
421 1302 494 1378 (tab.
517 1304 587 1362 hon.
609 1303 692 1362 miss.
715 1303 774 1362 vol.
789 1303 849 1377 111,
863 1303 1029 1381 XXXIV).
1065 1305 1169 1384 Itaque
1182 1306 1337 1368 Hadriano
1358 1311 1411 1369 im·

88 1412 203 1482 perante
230 1415 293 1464 tam
318 1405 349 1463 in
376 1404 451 1464 duos
479 1423 569 1482 quam
594 1403 742 1464 interdum
767 1406 798 1463 in
826 1413 989 1482 quaternos
1011 1425 1145 1484 quoque,
1171 1410 1301 1471 sortasse
1322 1411 1411 1472 etiam

90 1508 235 1566 internos
257 1521 377 1565 meuses
399 1505 496 1566 fasces
518 1506 581 1564 dati
602 1515 680 1566 sunt.

165 1607 212 1666 De
234 1608 384 1666 Antonini
404 1608 453 1667 Pii
479 1608 753 1684 imperatorumque
779 1610 831 1685 qui
858 1618 1024 1686 sequuntur
1049 1612 1232 1690 temporibus
1255 1614 1413 1674 difficulter

89 1709 205 1768 iudicari
226 1717 339 1785 potest,
361 1728 429 1768 cum
450 1709 482 1767 iu
503 1710 611 1768 horum
629 1711 830 1769 monumentis
845 1710 960 1770 suffecti
976 1712 1116 1772 consules
1130 1731 1199 1772 raro
1213 1716 1412 1776 nominentur.

89 1809 225 1870 Nundina
246 1820 349 1875 tamen
368 1811 525 1870 bimestris
543 1811 639 1887 magis
658 1811 816 1889 magisque
836 1811 975 1871 videntur
992 1813 1163 1874 invaluisse.
1200 1814 1243 1875 Ut
1257 1837 1337 1876 auno
1354 1818 1412 1877 156

90 1912 219 1970 kalendis
241 1912 364 1988 quidem
385 1912 532 1972 Ianuariis
554 1913 595 1970 M.
612 1910 756 1972 Ceionius
776 1911 931 1982 Barbarus
953 1923 983 1973 et
1003 1915 1044 1974 M.
1062 1915 1197 1976 Metilius
1211 1917 1346 1995 Regulus
1368 1921 1414 1980 in·

89 2013 187 2084 ierunt,
212 2014 312 2092 pridie
334 2033 406 2073 vero
427 2014 495 2074 idus
517 2013 643 2074 Martias
664 2015 703 2072 A.
726 2013 855 2073 Avillius
875 2012 1032 2074 Urinatius
1055 2015 1229 2092 Quadratus
1251 2029 1282 2078 et
1304 2017 1413 2081 Strabo

91 2116 272 2175 Aemilianus
300 2116 479 2192 magistratu
499 2115 699 2194 iungebantur
721 2113 790 2191 (act.
813 2115 917 2175 Arval.
941 2135 968 2175 a.
987 2115 1077 2193 155),
1106 2127 1138 2177 ut
1158 2120 1255 2180 fasces
1276 2140 1312 2180 eo
1335 2137 1414 2180 anuo

91 2215 118 2274 in
140 2217 226 2278 binos
253 2235 376 2276 meuses
402 2217 489 2276 datos
515 2233 582 2276 esse
603 2225 714 2294 pateat.
743 2216 839 2288 ‚Idem
863 2217 900 2277 de
922 2225 1019 2278 aetate
1040 2237 1094 2278 sua
1115 2219 1245 2280 affirmat
1264 2221 1326 2282 Dio
1348 2223 1414 2300 (43,

92 2317 139 2394 46)
160 2319 196 2378 de
216 2328 355 2398 tempore
376 2319 585 2379 consulatuum
606 2319 650 2377 sic
671 2294 818 2378 sdribeus:
840 2317 872 2376 ἐκ
894 2313 919 2376 δ’
933 2307 980 2376 οὖν
1001 2321 1055 2378 rod
1074 2311 1182 2404 χρόνον
1204 2315 1307 2382 ἐκείνου
1324 2316 1414 2383 οὐκέτι

93 2419 112 2476 οἱ
136 2411 211 2478 arira}
238 2414 288 2478 decl
316 2416 422 2481 παντός
449 2424 499 2479 τοῦ
525 2410 605 2481 i'rocc
629 2414 703 2490 πλὴν
723 2413 826 2496 ὅλῖγων
846 2411 922 2478 πάνυ
946 2444 981 2497 ’γε
1003 2411 1187 2490 ὖπᾶτευσαν,
1211 2420 1276 2482 ἀλλ’
1299 2416 1337 2486 cis
1358 2447 1413 2484 που

92 2512 133 2578 aa}
152 2513 270 2598 ἔτυχον,
297 2521 321 2578 οἱ
342 2511 390 2589 μὲν
411 2513 456 2581 ἐπὶ
477 2513 604 2588 πλείους,
626 2521 650 2578 οἱ
672 2515 702 2578 δὲ
724 2515 766 2578 ἐπ’
789 2513 941 2589 ἐλάττους,
966 2521 990 2579 οἱ
1010 2511 1058 2589 μὲν
1080 2525 1183 2592 μῆνας,
1206 2526 1229 2583 οἱ
1251 2516 1282 2583 δὲ
1303 2518 1415 2611 laipno,

93 2612 144 2680 ἐπεὶ
173 2624 221 2680 νῦν
248 2647 287 2700 γε
317 2614 408 2684 addela
434 2611 497 2679 οὔτε
524 2617 566 2679 ἐπ’
593 2616 732 2690 ἐνιαυτὸν,
761 2611 832 2680 οὗτε-
853 2622 886 2680 s'c
912 2615 1016 2680 πλείω
1047 2611 1189 2693 διμήνου
1218 2617 1347 2709 κρίνου
1377 2625 1415 2690 ὥς

92 2715 192 2791 cursitet
214 2718 269 2782 adv
292 2712 443 2808 iripp‘rrni
464 2713 562 2807 ἄρχει.
598 2723 646 2782 Ne
668 2731 769 2783 tamen
787 2726 894 2784 credas
916 2735 979 2784 tum
1000 2744 1119 2802 semper
1138 2727 1170 2786 in
1190 2728 1279 2788 binos
1295 2747 1415 2792 menses

93 2825 182 2886 lasces
203 2828 294 2886 datos
315 2843 394 2898 esse,
415 2825 549 2886 nundina
569 2825 761 2884 inveniuntur
781 2827 860 2914 item.
875 2846 911 2886 ea
931 2835 1028 2896 aetate
1049 2835 1101 2887 aut
1122 2829 1261 2888 breviora
1281 2832 1415 2892 autlan-

94 2928 178 3003 giora.
220 2929 263 2988 Et
289 2928 408 2988 brevius
430 2927 551 3004 quidem
570 2925 630 2985 'fuit
650 2927 788 2987 ultimum
810 2937 890 2988 certe
910 2929 981 2989 anni
999 2931 1073 3001 155,
1099 2949 1158 3006 quo
1180 2932 1324 2992 ordinarii
1345 2953 1415 2994 con·

95 3029 165 3088 eules
186 3037 401 3107 processerunt
423 3028 552 3093 Severus
575 3040 605 3087 st
626 3028 766 3102 Rufinus,
792 3040 1060 3090 commemorantur
1080 3031 1187 3092 deinde
1209 3051 1312 3094 mense
1333 3035 1416 3096 Maio
1462 3015 1467 3024 Ι

93 3149 153 3190 cum
173 3132 295 3208 collega
315 3132 417 3192 nescio
439 3149 500 3207 quo
516 3128 551 3189 0.
566 3130 715 3190 Aucidius
729 3131 836 3190 Victor
857 3132 928 3208 (act.
943 3133 1050 3192 Arval.
1072 3134 1201 3211 11155),
1222 3135 1271 3196 die
1292 3137 1342 3197 III
1363 3159 1417 3198 no·

92 3251 140 3291 nas
154 3232 345 3293 Novembres
360 3233 470 3292 Antius
485 3232 585 3290 Pollio
605 3239 635 3291 et
650 3232 829 3310 Opimianus
851 3232 970 3309 quidam
993 3232 1062 3310 (Or.
1077 3235 1184 3311 4370),
1205 3236 1333 3316 denique
1347 3249 1418 3300 ante
1476 3285 1480 3294 .

94 3333 164 3394 diem
184 3336 231 3394 III
257 3336 326 3394 idus
350 3334 533 3394 Decembres
555 3333 614 3392 duo
637 3331 741 3402 Severi
763 3333 834 3410 (act.
856 3334 962 3393 Arval.
985 3353 1012 3392 a.
1031 3335 1119 3412 155),
1141 3340 1174 3394 ut
1198 3337 1229 3395 hi
1249 3357 1304 3414 per
1325 3361 1416 3400 unum

94 3455 214 3504 mensem
236 3420 434 3504 Decembrem
458 3454 607 3505 summum
628 3434 773 3494 honorem
794 3435 961 3494 obtinuisse
983 3430 1149 3494 videantur.
1192 3436 1306 3498 Notum
1328 3459 1417 3516 porro

94 3545 136 3596 est
164 3541 332 3616 imperante
362 3535 528 3597 Commodo
559 3537 699 3598 consules
731 3536 839 3612 viginti
870 3536 1001 3612 quinque
1032 3554 1091 3594 uno
1123 3556 1202 3596 anno
1235 3537 1417 3602 Cleandrum

95 3641 287 3700 nominandos
313 3657 434 3698 curasse
459 3636 691 3716 (11111111).
733 3637 760 3695 E
783 3637 932 3696 contrario
954 3637 1092 3714 longiora
1112 3639 1246 3714 nundina
1267 3643 1337 3700 anni
1358 3645 1417 3703 184

96 3741 225 3801 videntur
258 3741 362 3800 fuisse.
389 3741 462 3816 ,Ad
494 3747 562 3799 acta
593 3739 673 3799 euim
701 3723 858 3798 Arvalium
891 3737 962 3796 anui
985 3729 1042 3798 183
1076 3758 1144 3798 cum
1175 3741 1350 3802 adnotatum
1378 3747 1418 3804 sit

96 3843 243 3926 piaculum·
269 3843 307 3902 ob
333 3842 405 3904 farri
434 3841 592 3901 elationem
619 3841 731 3902 facturn
759 3857 825 3900 esse
853 3849 922 3899 ante
948 3839 1026 3900 diem
1054 3841 1116 3900 XV
1138 3843 1285 3905 kalendas
1309 3845 1417 3905 Iunias

96 3946 158 4004 anni
182 3946 258 4017 184,
284 3945 436 4022 piaculum
462 3943 500 4002 ob
526 3942 700 4002 inlationem
724 3942 797 4001 ferri
823 3950 904 4001 certo
929 3941 1035 4019 paucis
1062 3943 1166 4004 diebus
1193 3954 1262 4005 anta
1290 3948 1418 4007 alterum

96 4045 198 4105 factum
230 4055 277 4106 est
303 4046 493 4117 consulibus,
523 4044 601 4103 sicut
626 4054 693 4104 acta
718 4051 880 4116 testantur,
913 4042 949 4102 1..
979 4039 1128 4103 Cosconio
1155 4044 1252 4123 Eggio
1278 4048 1419 4122 Marullo,

98 4143 147 4205 On.
168 4149 293 4225 Papirio
315 4129 457 4219 Aeliano,
486 4145 517 4204 id
545 4153 593 4205 est
617 4147 681 4205 eius
706 4145 776 4205 anni
802 4145 970 4220 ordinariis.
1013 4144 1055 4204 Hi
1083 4145 1175 4222 igitur
1200 4165 1302 4206 mense
1323 4151 1419 4226 Aprili

97 4250 248 4309 consulatu
275 4249 408 4307 nondum
436 4266 470 4307 se
497 4247 762 4324 abdicaverantl),
791 4246 870 4309 unde
895 4247 1028 4305 nundina
1055 4248 1287 4330 quadrimestria
1305 4251 1419 4308 ,etiam-

99 4357 156 4420 tum
180 4353 216 4410 in·
238 4369 296 4409 usu
322 4351 418 4409 fuisse
442 4349 585 4426 sequitur.
632 4348 740 4424 Itaque
766 4368 804 4407 ne
830 4348 885 4408 sub
911 4347 1074 4408 Antoninis
1102 4340 1222 4424 quidem
1252 4350 1319 4408 sola
1345 4370 1420 4434 nun-

99 4451 164 4510 dina
182 4435 338 4512 bimestris
358 4451 486 4522 fuerunt,
509 4449 561 4509 sed
583 4449 632 4508 vel
653 4469 689 4508 ea
709 4456 807 4508 aetate
828 4449 927 4508 fasces
945 4449 1096 4508 interdum
1118 4449 1265 4508 dabantur
1284 4452 1314 4510 iu
1337 4471 1419 4510 men·

100 4569 145 4622 ses
170 4554 259 4612 modo
284 4553 387 4630 plures
416 4552 505 4610 modo
531 4551 706 4629 pauciores,
739 4550 859 4609 etiamsi
887 4560 974 4609 extra
1001 4550 1134 4608 ordinem
1162 4550 1193 4608 id
1219 4552 1363 4624 accidisse
1391 4559 1422 4610 et

100 4652 268 4732 plerumque
288 4674 343 4732 pcr
362 4655 451 4713 binos
473 4671 592 4713 menses
612 4652 711 4711 fasces
728 4659 831 4729 gestos
846 4669 914 4710 esse
927 4652 1022 4710 Dioni
1036 4652 1158 4710 omnino
1173 4651 1350 4711 credendum
1365 4660 1421 4712 est.
1470 4681 1473 4686 ·

173 4912 197 4975 ¹)
224 4915 256 4964 Iu
276 4909 884 4973 1111111111·111111111111111141)
903 4917 929 4960 a
943 4911 994 4961 aas
1014 4897 1066 4972 (11.Ι
1074 4910 1120 4974 43)
1139 4911 1312 4976 quorsumn
1326 4911 1423 4964 oratus
1499 4939 1503 4946 ·

104 5009 127 5050 et
143 5004 262 5056 Seleucus
280 5012 339 5055 ants
358 5005 428 5055 diem
441 5006 495 5056 VII
513 5005 571 5055 idus
583 5004 677 5066 Maias,
696 4983 724 5052 in
743 5002 783 5052 his
798 5001 895 5052 Fuscus
908 5003 936 5053 11
955 5008 981 5051 ot
991 5001 1091 5068 Dexter
1108 5003 1193 5053 XIIII
1206 5003 1424 5054 kalendasMaias

104 5096 215 5146 consules
237 5077 480 5158 commemorantur,
504 5096 565 5146 inde
588 5095 674 5160 potius
699 5093 879 5158 explicandum
898 5099 948 5156 est,
972 5093 1043 5159 quod
1061 5093 1186 5146 ordinarii
1205 5101 1259 5144 tum
1277 5109 1324 5160 par
1342 5101 1424 5144 totum

106 5198 196 5236 annum
213 5189 299 5238 notari
317 5189 448 5250 solebant,
473 5187 637 5238 suffectorum
656 5186 764 5236 nomina
781 5199 842 5236 raro
856 5165 1013 5236 citabantur.
1050 5186 1096 5238 Ad
1114 5192 1173 5240 acta
1191 5193 1277 5240 sutem
1296 5187 1358 5237 anni
1372 5185 1425 5234 183

106 5274 131 5325 id
149 5279 252 5331 minime
270 5280 398 5344 pertinere
417 5279 470 5342 alia
487 5279 604 5330 uundlna
623 5279 760 5330 ostendunt
779 5278 805 5328 in
825 5277 888 5329 actis
906 5278 1056 5344 perscripta.
