3654 6072
638 589 720 642 VOL.
735 589 750 642 1
769 589 1123 652 ANTlQVISSIMARVM.

682 861 881 925 VASGVLA
904 861 1086 924 CALENA.

223 1018 263 1080 'io
274 1019 304 1078 in
315 1027 401 1098 parte
412 1018 553 1077 interiore
563 1019 693 1096 patellae
703 1025 855 1077 cretaceae
864 1019 966 1096 nigrae
978 1019 1086 1077 litteris
1097 1019 1334 1095 prominentibus
1345 1021 1425 1079 circa
1435 1021 1546 1099 figuras

261 1120 429 1180 Bacchicae
449 1138 576 1200 pompae
599 1119 635 1178 ad
657 1118 823 1178 aediculam
846 1119 1150 1198 tendentisnsimiliter
1164 1119 1262 1180 forma
1275 1121 1449 1200 impressas.
1486 1122 1547 1182 Ini-

262 1221 335 1280 tium
357 1227 387 1281 et
408 1221 476 1281 linis
497 1221 701 1298 inscriptionis
724 1221 813 1280 trium
828 1221 994 1280 litterarum
1009 1221 1071 1279 fere
1086 1221 1185 1300 spatio
1201 1222 1342 1282 distincta
1357 1231 1435 1284 sunt.
1471 1223 1547 1302 Rep.

262 1321 448 1400 T⁸¹q¹¹¹¹¹¹¹⁸·
580 1376 612 1417 ι·
629 1372 800 1418 ειιιοιειοε
816 1389 823 1402 ·
841 1376 855 1418 ι
870 1387 877 1402 ·
893 1374 1026 1420 susem
1038 1389 1045 1403 ·
1059 1374 1197 1418 crassos

219 1493 259 1554 0.
281 1493 440 1553 Benndori
457 1494 539 1553 Ball.
563 1493 630 1553 detl‘
651 1495 721 1553 Istat.
746 1492 825 1554 1866
846 1515 877 1572 p.
894 1493 953 1552 143
976 1496 1029 1572 qui
1050 1494 1134 1554 vidit.

218 1725 221 1732 Δ
262 1701 279 1759 b
294 1699 385 1776 (=1‚
398 1700 452 1777 53)
467 1702 498 1759 in
513 1702 608 1760 altera
623 1701 723 1774 simili,
738 1721 778 1760 ex
793 1721 853 1778 qua
866 1703 965 1760 media
977 1710 1094 1779 prostat
1107 1701 1201 1764 Sileni
1216 1704 1313 1780 figura
1324 1698 1455 1778 dimidia,
1470 1706 1549 1765 cirea

220 1818 309 1878 qnam
336 1802 492 1880 inscriptio
518 1811 565 1862 est
586 1811 667 1861 serto
690 1803 881 1861 circumdata.
925 1803 1000 1879 Rep.
1023 1801 1118 1864 Caere
1139 1822 1167 1862 a.
1186 1804 1280 1878 1834,
1307 1825 1387 1864 nunc
1408 1807 1548 1866 adserva·

220 1910 267 1961 tur
288 1903 417 1962 Parisiis
439 1905 471 1964 in
492 1922 596 1963 museo
619 1902 783 1964 monetario
805 1905 926 1980 publico
948 1905 1026 1963 male
1047 1905 1193 1964 restituta.

633 2043 646 2082 1.
663 2038 814 2082 canoastv
830 2052 837 2068 ·
852 2040 894 2090 tf.
903 2038 989 2091 sECl'l'
1004 2051 1011 2067 ·
1027 2039 1143 2083 cutem

219 2138 303 2200 Haec
328 2141 439 2218 legitur
463 2143 544 2216 1,53
571 2144 614 2202 sic
635 2150 668 2201 nt
689 2143 803 2202 vasculi
823 2143 1058 2220 resarcinatores
1081 2161 1146 2201 eam
1168 2143 1247 2202 male
1268 2153 1498 2220 composuerant
1519 2154 1549 2206 et

218 2241 482 2318 interpolaverunt.
530 2245 678 2303 Accurate
704 2243 838 2320 inspecto
866 2244 987 2302 vasculo
1014 2242 1208 2303 Detlefsenus
1235 2242 1393 2318 (Gerhard
1418 2237 1547 2306 arcldol.

218 2341 340 2420 Zeitunp
357 2343 436 2402 1863
458 2364 487 2423 p.
505 2345 581 2421 74⁴)
604 2345 753 2404 intellexit
773 2345 863 2402 hodie
884 2363 945 2402 non
967 2361 1125 2420 superesse
1148 2363 1187 2402 ex
1209 2345 1332 2421 antiqua
1352 2346 1548 2425 inscriptione

219 2443 278 2502 nisi
304 2463 341 2503 ea
366 2463 443 2520 quae
470 2464 562 2522 supra
587 2446 657 2505 dedi
677 2445 785 2505 litteris
806 2446 912 2517 rectis;
939 2464 1016 2521 quae
1038 2445 1146 2503 dautur
1166 2446 1333 2519 inclinatis,
1359 2458 1550 2508 accesserunt

219 2563 258 2603 ex
279 2547 420 2622 exemplo
441 2547 650 2619 Krameriano,
673 2548 726 2623 qui
745 2546 893 2623 quaedam
916 2547 991 2605 vidit
1010 2554 1117 2622 postea
1137 2546 1302 2623 deperdita.
1344 2548 1439 2606 Plura
1459 2567 1548 2625 quam

218 2646 422 2726 supplevimus
447 2649 577 2726 spatium
602 2649 735 2726 recipere
756 2647 954 2707 Detlelsenus
980 2649 1115 2725 negavit,
1142 2649 1286 2726 scriptum
1306 2648 1402 2708 fuisse
1424 2668 1548 2710 necesse

220 2766 286 2807 esse
313 2748 344 2806 in
366 2757 445 2808 testa
466 2765 623 2815 cunonem
644 2757 674 2808 et
697 2765 827 2816 cutsnv.
872 2747 970 2824 [Quae
992 2749 1065 2808 olim
1087 2758 1191 2808 contra
1208 2749 1418 2810 Detlefsenum
1440 2752 1549 2829 scripsi

219 2849 240 2907 l.
261 2867 285 2907 c.
309 2869 338 2926 p.
355 2849 394 2910 78
418 2859 515 2910 motus
538 2851 683 2928 singulari
705 2851 866 2909 admodum
888 2857 918 2908 et
939 2868 1033 2927 paene
1055 2851 1181 2909 mirifica
1202 2851 1331 2910 nominis
1352 2851 1461 2924 forma,
1488 2854 1548 2921 iam

218 2950 348 3010 refutata
369 2961 439 3010 sunt
458 2961 578 3028 reperto
600 2953 724 3012 vasculo
747 2951 838 3012 simili
860 2971 896 3009 eo
919 2950 1000 3028 quod
1021 2949 1113 3010 edidit
1135 2950 1344 3012 Benndorfius.
1382 2951 1441 3012 ΤΗ.
1458 2953 1513 3030 lt]

220 3156 267 3216 8a
292 3158 401 3219 litteris
422 3160 453 3218 in
475 3161 620 3219 circulum
641 3160 792 3232 formatis,
820 3159 874 3219 sed
897 3169 930 3218 ut
951 3159 988 3217 de
1009 3159 1156 3235 principio
1178 3166 1295 3217 constet
1315 3169 1439 3236 propter
1460 3178 1549 3217 orna·

260 3268 361 3319 menta
380 3262 572 3339 interposita,
599 3281 660 3320 non
682 3261 818 3339 scriptis,
846 3260 900 3320 sed
922 3261 1078 3338 signaculo
1100 3260 1269 3337 impressis,
1296 3268 1330 3318 ut
1349 3259 1548 3336 promineant,

261 3361 292 3420 in
312 3353 611 3439 patellae'cretaceae
632 3363 737 3440 nigrae
757 3361 858 3421 fundo.
902 3361 976 3438 Rep.
1000 3360 1188 3437 Tarquiniis,
1214 3379 1293 3419 nunc
1313 3361 1494 3438 Petroburgi
1516 3361 1547 3418 in

261 3480 374 3522 museo.

506 3515 606 3560 RllTVS
621 3529 628 3544 ·
643 3514 774 3558 castrato
789 3528 796 3544 ·
812 3515 852 3559 (3·
869 3515 884 3557 S
899 3527 906 3542 ·
922 3511 1055 3556 cntttsvs
1071 3525 1078 3542 ·
1096 3513 1155 3556 l¹llC
1196 3513 1260 3554 Til·

221 3645 240 3689 c
262 3631 377 3689 litterae
398 3631 481 3689 verbi
502 3648 561 3691 unc
581 3631 711 3690 fortasse
734 3647 742 3688 1
764 3627 939 3704 inscriptam
961 3644 1029 3686 esse
1051 3626 1176 3685 adnotat
1197 3625 1366 3686 Henzenus.

218 3845 221 3852 ⁴
262 3839 278 3895 b
304 3838 336 3897 in
357 3839 453 3897 altera
474 3839 564 3897 simili
586 3837 693 3897 litteris
715 3837 887 3896 melioribus
910 3835 1021 3894 ibidem
1043 3854 1105 3912 rep.
1127 3833 1295 3910 ibidemque
1318 3853 1397 3893 nunc
1419 3843 1546 3893 servata.

539 3973 629 4016 rssvs
644 3986 651 4002 ·
667 3973 832 4016 easuuvs·
849 3971 868 4014 c
883 3985 891 4000 ·
907 3971 922 4014 s
942 3973 954 4031 1
974 3968 1104 4014 cavesvs
1122 3969 1227 4012 ·1=scrn

263 4166 328 4224 cin
349 4165 437 4227 tertia
459 4165 550 4224 simili
571 4165 682 4223 ibidem
702 4183 765 4242 rep.

537 4298 633 4342 servs
648 4312 655 4328 ·
671 4298 801 4350 ensinio
816 4312 823 4327 ·
838 4285 881 4342 cll
901 4296 1033 4341 cutesvs
1048 4309 1055 4325 ·
1071 4295 1178 4339 sacru·
1193 4294 1235 4337 s·
1300 4345 1303 4352 ,

222 4422 240 4462 ιι
260 4405 361 4464 littera
386 4405 515 4464 nominis
538 4420 630 4463 natvs
658 4403 722 4462 eius
743 4401 858 4461 formae
880 4409 927 4459 est
947 4408 980 4458 ut
1000 4418 1096 4478 paene
1117 4416 1172 4474 pro
1193 4415 1217 4456 ιι
1238 4397 1342 4455 haberi
1363 4397 1474 4473 possit;
1500 4397 1547 4455 lit·

219 4499 302 4565 terae
322 4521 389 4565 Μ
411 4506 442 4564 in
464 4507 523 4564 line
544 4506 700 4566 restitutae
722 4512 793 4562 sunt
814 4503 851 4560 ab
873 4521 908 4560 eo
930 4502 982 4577 qui
1003 4500 1143 4579 patellam
1164 4498 1290 4557 fractam
1311 4496 1496 4556 resarcivit.

262 4608 397 4666 Primam
430 4613 459 4665 et
486 4607 646 4665 secundam
678 4605 838 4680 descripsit
864 4603 1027 4661 Henzenus
1055 4600 1137 4659 Ball.
1169 4599 1235 4657 dell’
1263 4603 1328 4659 inat.
1358 4599 1438 4658 urolt.
1470 4593 1546 4658 1871

221 4727 250 4784 p.
268 4708 337 4778 153,
362 4709 482 4766 tertiam
504 4707 542 4767 Ο.
565 4706 721 4765 Benndorf
738 4704 849 4764 ibidem
875 4701 954 4761 1866
976 4721 1005 4780 p.
1023 4700 1093 4760 242.

262 4810 351 4868 Ratae
373 4827 482 4866 nomen
502 4808 534 4866 id
554 4808 653 4884 ipsum
675 4804 822 4883 estquod
844 4819 962 4862 ansrvs
985 4802 1123 4862 scribitur
1144 4802 1170 4860 I.
1190 4799 1287 4877 Neap.
1308 4799 1444 4877 tasasq.
1468 4801 1549 4861 5156

220 4917 397 4986 usurpatum
418 4909 461 4968 ibi
484 4909 521 4968 de
541 4908 712 4968 hominibus
733 4905 916 4966 condicionis
936 4905 1105 4963 libertinae.
1143 4900 1338 4963 Gentilicium
1358 4919 1466 4962 nomeu
1482 4921 1549 4961 oum

221 5010 314 5083 adsit,
341 5011 489 5068 elementa
514 5027 591 5084 quae
619 5015 688 5068 sunt
714 5022 786 5067 c·s
815 5005 1044 5081 explicationem
1072 5023 1150 5082 quae
1179 5013 1286 5080 sponte
1311 5021 1344 5064 se
1371 5003 1459 5062 offert
1492 5002 1551 5063 Gai

221 5128 318 5170 aeroas
350 5131 413 5170 non
443 5109 606 5186 recipiunt,
642 5118 676 5168 ut
706 5109 836 5166 fortasse
861 5105 1051 5184 cogitandum
1080 5107 1120 5164 sit
1148 5104 1186 5164 de
1213 5105 1459 5182 interpretatione
1488 5121 1550 5163 cam

222 5215 291 5269 auia.
313 5244 354 5256 -
380 5211 430 5271 De
457 5228 599 5270 vasorum
623 5209 759 5269 fictilium
785 5207 905 5268 fabricis
927 5205 1092 5283 Campanis
1121 5206 1158 5266 oi.
1174 5205 1361 5281 Marquardt
1386 5203 1550 5263 Handbaclr
