3620 6080
336 614 410 685 240
715 628 858 682 sennan
885 627 1069 680 sannaus.
1096 623 1300 678 nnvaurvu.

418 801 499 862 Nam
514 835 552 846 -
568 811 601 861 ut
621 820 700 860 nunc
722 801 842 861 tandem
862 801 981 860 redeam
999 801 1037 860 ad
1050 808 1187 858 naturam
1201 798 1290 856 buius
1305 797 1382 855 sacri
1397 795 1607 872 explicandam
1622 828 1662 838 -

336 921 424 964 sacra
437 902 575 978 Volcano
595 903 626 961 in
647 903 778 974 comitio,
801 899 928 975 Quirino
949 902 981 959 in
1002 900 1077 959 colle
1097 919 1157 958 uno
1179 899 1330 958 disfacta
1350 915 1537 973 nequaquam
1558 897 1664 956 viden-

335 1010 384 1063 tur
414 1003 498 1063 nulla
527 1004 684 1081 religionis
715 1003 923 1066 communione
955 1019 1023 1060 esse
1054 1001 1220 1060 coniuncta.
1274 999 1445 1058 memineris
1476 999 1509 1056 in
1540 999 1664 1058 comitio

335 1104 446 1164 factum
471 1105 571 1180 putari
596 1103 702 1164 foedus
727 1103 804 1164 inter
828 1103 989 1162 Romulum
1015 1109 1046 1162 et
1067 1102 1170 1161 Titum
1191 1101 1322 1176 Tatium,
1349 1104 1410 1175 quo
1437 1098 1497 1158 icto
1523 1107 1595 1158 nata
1624 1101 1665 1159 sit

335 1223 384 1264 res
408 1205 530 1282 publica
556 1205 660 1282 populi
686 1203 815 1264 Romani
843 1203 1020 1279 Quiritium
1052 1204 1084 1262 in
1109 1203 1251 1278 contigua
1276 1200 1406 1260 Volcani
1431 1218 1503 1257 area
1528 1200 1665 1260 eiusdem

335 1305 439 1382 populi
461 1311 597 1365 senatum
617 1307 745 1382 primurn
766 1306 875 1378 coisse,
903 1306 1059 1364 dedicasse
1080 1303 1243 1362 Romulum
1263 1303 1358 1360 lotum
1379 1319 1563 1378 aequaevam
1584 1303 1664 1374 urbi,

336 1415 371 1464 ut
390 1406 537 1483 quidquid
558 1409 699 1466 statueris
721 1408 758 1465 de
772 1406 901 1465 Volcani
921 1405 1053 1465 numinis
1074 1405 1242 1481 origine-
1263 1421 1361 1480 neque
1382 1419 1452 1460 vero
1474 1403 1572 1462 solani
1592 1414 1666 1463 eum

335 1507 540 1566 incendiorum
568 1507 763 1568 arcendorum
790 1524 892 1566 curam
918 1506 1088 1583 suscepisse
1116 1513 1229 1568 certum
1251 1511 1299 1564 est
1320 1535 1359 1548 ·-
1384 1504 1475 1563 ferias
1498 1506 1568 1564 cius
1586 1525 1664 1582 per·
1715 1559 1721 1568 .

336 1607 462 1667 tinuisse
487 1609 526 1666 ad
551 1609 729 1668 celebranda
748 1607 947 1667 Romulianae
973 1607 1180 1682 reipublicae
1206 1607 1293 1665 initia
1320 1606 1395 1665 satis
1421 1607 1453 1664 in
1480 1615 1585 1682 aperto
1613 1608 1662 1666 sit.

336 1708 421 1784 atqui
441 1711 613 1786 Augustum
635 1711 759 1778 alterius
781 1708 905 1768 Romuli
925 1725 1085 1783 personam
1110 1707 1246 1766 induisse
1270 1716 1373 1766 notum
1395 1715 1442 1766 est
1468 1706 1519 1781 (cf.
1540 1707 1664 1767 Rubino

343 1808 741 1888 Untcrsaclunqenl,104):
762 1827 850 1886 quem
872 1827 938 1868 cum
960 1827 1039 1867 anuo
1055 1808 1115 1867 738
1138 1808 1200 1866 divi
1215 1807 1336 1866 Romuli
1358 1809 1462 1867 aedem'
1482 1808 1664 1881 restitueret,

336 1909 410 1986 quid
433 1911 530 1988 magis
552 1919 784 1974 consentaneum
806 1929 896 1987 quam
919 1910 1092 1969 sacratiori
1116 1909 1154 1967 ad
1176 1927 1241 1968 eam
1262 1909 1390 1968 iussisse
1411 1927 1449 1968 eo
1469 1910 1527 1981 die,
1549 1927 1610 1984 quo
1631 1911 1681 1968 in.

337 1999 458 2070 comitio
485 2013 591 2072 fierent
612 2010 748 2071 Volcano
770 2011 908 2070 conditae
929 2010 1014 2069 urbis
1035 2010 1124 2068 testi?
1160 2017 1191 2068 et
1211 2017 1328 2068 constat
1348 2010 1507 2070 Arvalium
1527 2011 1665 2070 hemero-

336 2111 450 2188 logium
476 2119 594 2188 posta.
618 2112 678 2172 ‘138
701 2112 868 2180 conlectum
889 2129 967 2172 esse.
1010 2119 1165 2189 praeterea
1189 2111 1292 2172 nescio
1324 2131 1363 2170 an
1381 2111 1494 2171 nullius
1520 2113 1666 2172 momenti

338 2211 379 2270 sit
399 2213 438 2272 ad
458 2213 535 2272 banc
556 2211 676 2288 Quirini
697 2221 727 2272 et
744 2213 874 2272 Volcani
895 2213 1132 2272 coniunctionem
1154 2213 1340 2288 probandam
1362 2214 1443 2289 quod
1464 2211 1521 2272 Cn.
1535 2213 1664 2272 Flavius

337 2330 429 2389 supra
450 2313 605 2372 comitium
622 2315 653 2373 in
676 2312 872 2374 Graecostasi
897 2313 960 2373 sive
987 2315 1019 2372 in
1039 2314 1166 2379 Volcani
1187 2332 1258 2373 area
1279 2311 1466 2373 Concordiae
1486 2315 1591 2374 aedem
1613 2315 1666 2374 de-

337 2414 490 2488 dicaverit,
512 2415 651 2491 quodque
673 2425 743 2474 ants
765 2413 885 2488 Quirini
904 2415 1047 2490 templum
1069 2416 1159 2491 myrti
1180 2433 1284 2474 sacrae
1306 2415 1400 2474 altera
1420 2417 1547 2492 patricia
1567 2417 1667 2476 altera

259 2591 262 2596 ,
338 2515 459 2592 plebeia
478 2515 626 2594 steterint:
659 2521 733 2576 inter
753 2519 954 2593 antiquissima
973 2535 1095 2592 acusque
1115 2517 1233 2575 delubra
1254 2516 1373 2575 babetur
1396 2515 1521 2587 Quirini,
1550 2518 1602 2577 boc
1624 2529 1667 2578 est

337 2619 429 2692 ipsius
444 2615 560 2675 Romuli
580 2635 605 2675 e.
621 2635 650 2693 q.
666 2635 690 2677 s.
713 2617 806 2693 (Plio.
824 2619 872 2690 la,
890 2616 973 2693 120).
1006 2617 1115 2693 quodsi
1135 2617 1268 2694 Augusti
1289 2617 1376 2676 iussu
1397 2634 1515 2676 sacrum
1530 2616 1606 2676 illud
1619 2619 1666 2678 in·

338 2717 474 2776 stitutum
488 2724 542 2789 est,
556 2717 626 2776 inde
639 2734 699 2776 non
714 2719 859 2795 sequitur,
879 2727 913 2776 ut
924 2717 1065 2777 refectam
1079 2719 1156 2778 hanc
1169 2719 1274 2778 aedem
1289 2718 1393 2777 eodem
1407 2717 1455 2776 die
1469 2718 1665 2778 dedicaverit.

338 2818 382 2876 sic
409 2835 498 2893 posse
526 2818 675 2894 explicari
700 2819 759 2877 tria
784 2818 903 2893 Quirini
930 2837 1016 2878 sacra
1042 2819 1073 2877 iu
1101 2819 1187 2879 fastis
1215 2819 1358 2878 adnotata
1383 2837 1470 2879 nemo
1497 2817 1667 2898 negaverit,

337 2917 445 2976 debere
470 2918 592 2978 minime
619 2919 775 2978 contendo.
824 2929 856 2979 at
881 2921 1029 2979 contendo
1057 2940 1095 2978 ne
1121 2920 1170 2980 bis
1194 2921 1316 2996 quidem
1343 2923 1436 2980 sacris
1464 2921 1669 2980 demonstrari

337 3025 458 3094 praeter
474 3017 550 3076 illud
571 3019 717 3078 sacellum
737 3021 846 3096 plures'
861 3021 957 3081 fuisse
980 3020 1098 3096 Quirini
1118 3022 1150 3080 in
1171 3015 1248 3080 colle
1269 3022 1368 3094 aedes,
1399 3021 1502 3099 plures
1530 3021 1668 3104 singula-

336 3135 404 3176 rum
426 3117 543 3178 aedium
564 3121 688 3195 natales,
716 3121 806 3200 idque
832 3139 921 3202 spero
948 3125 1004 3185 hac
1028 3143 1096 3183 mea
1117 3123 1317 3202 disputatione
1338 3123 1574 3184 dubitationibus
1597 3141 1669 3184 esse

336 3225 517 3296 exemptum.
