3620 6080
398 603 470 675 232
854 689 857 694 1
997 611 1143 666 aornar

398 809 466 854 essa
495 793 640 852 Hennenc
671 799 701 848 et
727 789 914 848 Mommseno
943 775 1039 844 visum
1068 793 1123 842 eat.
1166 783 1232 856 hoo,
1261 782 1332 840 licet
1358 797 1418 840 uon
1443 792 1577 858 pugnaret
1599 793 1683 842 contra
1762 761 1763 764 Ἴ

399 914 551 956 sacrorum
573 910 670 964 usum,
696 897 796 948 tamen
821 889 864 946 ita
891 903 959 946 esse
987 885 1038 944 vix
1060 883 1251 943 crediderim:
1285 884 1373 942 etiam
1400 883 1494 941 minus
1517 883 1605 960 placet
1621 884 1685 960 quod

397 997 542 1057 Henzeno
564 995 662 1053 visum
689 1000 751 1062 est,
778 1007 846 1047 esse
868 989 924 1046 hoo
946 1005 1065 1045 sacrum
1088 983 1206 1058 Quirini
1227 983 1399 1042 natalicium
1426 985 1505 1042 aedis
1524 984 1586 1042 'eius
1603 986 1684 1042 nescio

397 1117 457 1174 quo
476 1105 609 1173 tempore
623 1093 761 1152 refectae.
792 1089 1008 1147 refectarumne
1024 1086 1142 1144 aedium
1156 1094 1275 1161 praeter
1288 1085 1432 1142 factarum
1454 1085 1561 1143 natales
1580 1085 1684 1144 celebra·

396 1198 523 1258 bantur?
557 1197 731 1274 priusquam
762 1191 855 1268 igitur
886 1190 922 1247 de
955 1189 1034 1246 sacri
1067 1185 1194 1260 Quirino
1226 1187 1300 1244 iacti
1330 1193 1437 1244 natura
1468 1186 1601 1243 disseram
1626 1187 1685 1244 hane

396 1307 490 1358 totam
517 1316 592 1374 quae
618 1303 666 1354 est
693 1293 730 1351 de
757 1291 874 1350 aedium
900 1307 1052 1348 sacrarum
1077 1288 1228 1346 natalibus
1250 1286 1456 1362 quaestionem
1481 1286 1562 1344 video
1581 1287 1642 1344 mihi
1659 1287 1685 1344 de
1763 1325 1764 1400 q

396 1401 513 1477 integro
534 1394 752 1456 retractandam
773 1409 850 1450 esse.
1045 1393 1048 1400 ’
1271 1386 1278 1396 ’
1763 1401 1764 1468 l

480 1499 530 1557 Ex
556 1495 765 1572 hemerologiis
793 1495 949 1568 Augustae
975 1490 1082 1549 aetatis
1114 1509 1205 1548 unum
1235 1487 1465 1546 Praenestinum
1492 1487 1585 1545 Verrii
1607 1487 1687 1546 Flacci
1763 1475 1764 1530 l

397 1601 516 1660 disertis
543 1597 644 1657 verbis
669 1595 846 1671 templorum
872 1592 989 1650 natales
1016 1590 1128 1648 indicat
1152 1591 1209 1648 hac
1235 1589 1376 1646 formula:
1410 1589 1462 1647 boc
1486 1587 1546 1663 (vel
1568 1590 1634 1664 quod
1653 1587 1686 1662 eo)
1763 1569 1764 1578 ³

396 1705 443 1761 die
464 1702 544 1759 aedis
567 1739 648 1756 ....
672 1698 804 1754 dedicata
825 1702 866 1752 ast
888 1692 966 1767 (Ian.
989 1691 1028 1749 27
1049 1691 1137 1750 Mart.
1157 1692 1184 1748 l.
1210 1691 1257 1749 19.
1279 1690 1421 1765 Apr.10‚.
1445 1689 1498 1765 38)
1519 1689 1628 1747 adiectis
1645 1707 1686 1746 eos.

395 1805 426 1862 in
449 1802 522 1860 solis
545 1797 665 1874 templis
687 1796 785 1854 arisve
807 1794 945 1869 Augusto
966 1791 1109 1850 dedicatis
1131 1791 1210 1867 (lan.
1234 1791 1262 1849 8.
1287 1791 1335 1849 16.
1358 1791 1409 1849 30.
1431 1791 1505 1866 Apr.
1527 1789 1589 1867 38);
1613 1799 1689 1850 cetera

395 1902 599 1977 hemerologia
619 1904 738 1974 praeter
758 1896 833 1953 haec
853 1894 922 1969 ipsa
942 1893 1064 1969 templa,
1092 1892 1128 1951 de
1155 1892 1263 1968 quibus
1291 1891 1431 1950 similiter
1454 1892 1580 1950 referunt
1602 1891 1657 1966 (lul.
1674 1893 1688 1948 4

397 2007 475 2080 Aug.
494 2004 542 2061 10.
566 1999 613 2058 18.
633 1997 697 2074 28),
719 1997 901 2072 reliquorum
923 1993 1040 2053 natales
1063 1993 1129 2051 sola
1150 1993 1230 2051 sacri
1248 1992 1304 2050 deo
1326 1993 1439 2052 deaeve
1452 1994 1524 2052 facti
1542 1993 1690 2051 indicatione

395 2105 555 2174 occultant,
577 2116 743 2179 perpaucos
765 2095 907 2171 n(otalea)
929 2095 1018 2153 habet
1032 2093 1206 2152 Philocalus
1224 2093 1301 2168 (Ian.
1318 2095 1335 2152 3
1358 2095 1440 2170 Aug.
1457 2095 1484 2152 5.
1502 2094 1536 2151 13
1559 2092 1630 2169 Sept.
1645 2095 1689 2169 ll).

395 2207 456 2264 iam
480 2205 550 2262 licet
575 2202 669 2260 multa
695 2180 818 2260 deorum
846 2215 931 2256 sacra
952 2194 1140 2254 a-natalibus
1162 2193 1341 2268 templorum
1367 2195 1505 2270 proiecta
1524 2212 1586 2254 esse
1605 2203 1630 2253 et
1647 2202 1692 2253 tra·

395 2307 490 2365 ditum
513 2312 542 2361 et
563 2319 716 2379 nunquam
737 2300 905 2375 ignoratum
928 2296 976 2367 sit,
1002 2303 1103 2354 tamen
1128 2314 1189 2358 non
1215 2294 1312 2352 solum
1333 2295 1427 2354 ferias
1449 2296 1652 2371 antiquissimas
1669 2297 1692 2352 in

394 2409 501 2466 horum
524 2419 646 2463 numero
673 2418 742 2460 esse
764 2419 826 2458 non
847 2416 936 2475 posse
957 2397 1161 2455 Mommsenus
1188 2395 1288 2454 docuit
1309 2393 1344 2454 G.
1365 2395 1391 2454 Ι.
1416 2395 1453 2453 L.
1483 2398 1506 2467 11
1526 2417 1554 2473 p.
1574 2397 1635 2468 376,
1653 2397 1692 2456 sed
1764 2407 1765 2474 1

394 2509 485 2566 etiam
511 2507 548 2564 de
573 2503 676 2562 multis
703 2521 742 2561 ex
767 2499 944 2576 posterioris
975 2497 1041 2556 aevi
1075 2497 1169 2555 sacris
1202 2504 1281 2554 certe
1309 2495 1440 2555 dubitari
1466 2507 1570 2573 potest.
1608 2499 1692 2573 quibus
1764 2475 1765 2560 i

394 2606 630 2668 dubitationibus
657 2620 726 2662 raro
754 2601 933 2677 scriptorum
960 2597 1141 2666 testimoniis
1161 2597 1332 2656 liberamur.
1375 2616 1412 2654 ac
1434 2599 1540 2657 mirum
1566 2598 1692 2675 estquod,
1764 2645 1765 2648 .

394 2729 461 2768 cum
483 2708 597 2782 aliquot
617 2703 732 2762 natales
756 2703 856 2778 sparsi
883 2699 1072 2758 inveniantur
1097 2700 1128 2756 in
1154 2691 1332 2774 antiquioris
1353 2699 1500 2758 historiae
1519 2701 1610 2772 libris,
1630 2699 1693 2757 velut

395 2807 538 2884 Capitolii
561 2805 641 2880 (Liv.
659 2804 686 2875 7,
710 2799 754 2878 3),
776 2799 913 2862 Castoris
935 2799 978 2876 (2,
1001 2799 1040 2858 42
1062 2800 1114 2857 ubi
1135 2807 1235 2860 tamen
1256 2799 1412 2874 erratum),
1435 2801 1572 2860 Mercurii
1592 2799 1692 2876 (331),

392 2911 448 2970 Dii
470 2907 551 2965 Fidii
573 2905 716 2980 (Dionys.
733 2903 763 2973 9,
779 2901 843 2977 60),
864 2902 896 2959 in
918 2920 954 2959 ea
976 2901 1125 2959 annalium
1148 2909 1242 2977 parte,
1262 2900 1294 2958 in
1315 2919 1375 2976 qua
1395 2919 1452 2978 per
1474 2903 1601 2978 singulos
1620 2918 1693 2959 annos

393 3027 492 3068 rerum
521 2999 673 3066 sacrarum
700 3003 922 3061 vicissitudines
953 3011 1126 3061 constanter
1157 3009 1376 3072 enumerantur,
1408 3002 1552 3062 Livianae
1577 3004 1634 3062 dico
1656 3003 1694 3060 de·

394 3110 482 3170 cadas
511 3129 529 3166 a
555 3107 644 3164 tertia
672 3104 711 3163 ad
737 3103 881 3179 quintam,
908 3121 946 3160 ne
972 3121 1049 3162 unus
1079 3101 1197 3179 quidem
1225 3109 1360 3160 servatus
1382 3113 1438 3162 est.
1481 3104 1560 3180 quod
1579 3103 1694 3182 expedire

393 3231 454 3271 non
468 3226 592 3286 possum
607 3206 667 3265 nisi
677 3204 855 3281 sumpserim
867 3213 1002 3263 auctores
1012 3203 1094 3262 Livii
1110 3220 1272 3279 usurpasse
1287 3203 1395 3261 librum
1414 3205 1558 3280 aliquem,
1570 3206 1598 3265 in
1608 3223 1657 3281 quo
1666 3222 1695 3260 ex

392 3312 566 3389 pontificum
588 3306 745 3365 annalibus
773 3305 976 3366 dedicationes
1003 3304 1181 3380 templorum
1205 3303 1318 3362 relatae
1339 3314 1443 3362 essent
1462 3307 1599 3366 detractis
1615 3313 1695 3364 tamen

393 3414 498 3472 diebus
521 3408 682 3478 nataliciis,
703 3407 814 3483 quippe
836 3407 886 3482 qui
907 3406 939 3464 in
959 3405 1143 3472 kalendariis
1165 3403 1299 3463 adnotati
1320 3414 1470 3465 extarent.
1513 3409 1542 3476 in
1563 3407 1695 3466 annalibus

393 3523 492 3573 autem
524 3511 586 3570 illis
613 3518 665 3567 aut
697 3514 776 3566 certe
803 3509 835 3566 iu
862 3526 961 3566 annua
988 3507 1140 3582 pontificis
1166 3507 1270 3564 tabula
1286 3525 1342 3582 per
1363 3509 1496 3584 singulos
1525 3511 1592 3583 dies,
1616 3517 1645 3566 ut
1667 3507 1697 3564 ait
1765 3479 1766 3534 i

394 3613 477 3676 Seru.
503 3611 542 3670 ad
562 3613 601 3669 A.
626 3611 654 3680 l,
677 3609 747 3679 373,
779 3608 837 3666 hoc
866 3616 911 3665 est
937 3607 1089 3684 adscripta
1121 3607 1181 3665 diei
1213 3613 1293 3677 nota,
1325 3608 1399 3666 baec
1432 3627 1551 3686 quoqne
1581 3609 1697 3686 exposita

391 3715 511 3774 fuerunt
537 3710 588 3785 (cf.
610 3709 754 3786 Huebner
774 3707 877 3766 Jahrb.
900 3711 927 3784 f.
951 3707 1030 3766 Phil.
1055 3707 1133 3766 1859
1156 3727 1185 3784 p.
1205 3707 1290 3782 420).
1340 3727 1380 3766 ex
1405 3710 1453 3768 his
1483 3711 1573 3787 igitur
1598 3709 1698 3770 sinceris

391 3814 526 3873 fontibus
548 3817 600 3868 ant
621 3829 660 3868 ex
674 3809 859 3868 kalendariis
882 3809 1100 3885 antiquioribus
1115 3808 1213 3868 Varro
1236 3809 1356 3884 aliique,
1378 3811 1487 3885 quibus
1502 3829 1573 3870 usus
1587 3819 1629 3870 est
1642 3809 1697 3870 Ovi·

391 3915 469 3986 dius,
491 3912 637 3969 natalium
655 3910 828 3970 memoriam
842 3911 1033 3986 repetierunt,
1056 3929 1182 3986 quorum
1196 3909 1376 3968 testimoniis
1391 3912 1488 3970 adiuti
1503 3914 1698 3990 Angusteorum

392 4013 664 4089 hemerologiorum
696 4011 920 4086 ambiguitatem
951 4011 1129 4086 aliquotiens
1162 4011 1304 4087 expedire
1320 4050 1323 4056 .
1339 4029 1510 4089 possumus.
1568 4015 1615 4072 ubi
1643 4013 1698 4071 talia

392 4115 565 4174 testimonia
586 4112 727 4170 deficiunt
747 4120 869 4187 putatur
890 4129 939 4170 res
960 4111 1057 4170 redire
1084 4112 1122 4169 ad
1144 4111 1258 4170 dierum
1279 4119 1376 4170 notas.
1419 4115 1463 4171 ita
1485 4115 1642 4175 Merkelius
1659 4132 1700 4188 per

303 4269 312 4276 .
392 4199 458 4276 tota
478 4214 691 4290 prolegomena
711 4212 866 4276 fastorum,
879 4214 992 4288 passim
1015 4212 1167 4280 contendit
1193 4213 1309 4272 natales
1335 4215 1516 4291 templorum
1543 4227 1572 4274 et
1591 4215 1698 4274 maxime

393 4336 507 4387 eorum,
535 4333 611 4392 quae
632 4314 789 4389 Augustus
816 4313 996 4372 dedicaverit
1012 4302 1085 4372 ‘sola
1104 4331 1133 4370 re
1160 4323 1233 4372 nota
1252 4314 1396 4390 insignita
1416 4333 1496 4388 esse,
1527 4318 1578 4376 ubi
1598 4317 1651 4374 alia
1667 4316 1700 4371 in-

394 4405 544 4488 veniatur,
578 4421 629 4473 aut
654 4415 785 4472 natalem
810 4432 871 4471 non
900 4431 967 4472 esse
1000 4423 1051 4472 aut
1082 4431 1201 4474 errasse
1232 4415 1401 4476 kalendarii
1432 4425 1599 4476 auctorem:
1628 4409 1699 4476 veluti

392 4521 474 4580 Iovis
499 4515 631 4576 tonantis
659 4515 748 4573 aedes
776 4513 912 4573 dedicata
937 4524 984 4572 est
1008 4509 1070 4572 kal.
1094 4513 1186 4592 Sept,
1215 4518 1266 4593 qui
1291 4518 1356 4576 dies
1383 4518 1415 4576 in
1435 4519 1533 4577 Amit.
1555 4525 1665 4577 notatur
1681 4531 1699 4571 a

393 4623 447 4704 sed
466 4620 550 4677 illam
565 4615 705 4677 Merkelii
726 4607 958 4690 disputationem
979 4637 1018 4675 ex
1038 4625 1123 4692 parte
1136 4618 1339 4677 Mommsenus
1360 4619 1505 4678 refutavit
1521 4640 1552 4696 p.
1566 4617 1660 4679 366.3
1680 4614 1700 4671 1.

394 4721 455 4776 alia
481 4718 625 4775 dubitatio
653 4717 748 4775 oritur
774 4716 810 4774 de
838 4717 917 4774 binis
944 4717 1118 4792 pluribusve
1145 4719 1228 4778 aedis
1254 4720 1342 4778 unius
1370 4721 1532 4779 natalibus.
1575 4739 1640 4778 nam
1663 4715 1701 4773 ubi

393 4818 466 4874 bina
492 4817 617 4890 plurave
643 4807 775 4876 numinis
795 4817 927 4875 eiusdem
949 4836 1035 4876 sacra
1056 4827 1207 4892 notantur,
1228 4839 1305 4896 quae
1326 4822 1440 4880 natales
1467 4837 1536 4880 esse
1556 4820 1701 4887 videantur,

395 4916 564 4990 quaesitum
590 4923 637 4975 est
665 4919 763 5006 sintne
791 4919 818 4978 ei
843 4919 1028 4977 diversarum
1049 4919 1167 4980 aedium
1189 4939 1228 4980 an
1249 4923 1409 4980 earundem
1429 4921 1576 4982 factarum
1596 4920 1701 4980 relecta-

393 5032 526 5088 rumque.
570 5017 712 5076 fluctuant
738 5027 768 5078 et
793 5005 932 5078 Merkelii
957 5030 987 5078 et
1013 5021 1213 5081 Mommsenii-
1230 5022 1339 5081 iudicia
1370 5023 1412 5098 (v.
1441 5023 1532 5082 huius
1561 5022 1655 5082 adnot.
1673 5016 1701 5075 (11

396 5110 514 5186 Quirini
537 5121 567 5172 et
588 5113 725 5177 Castoris
747 5121 870 5179 aedibus
893 5119 927 5182 0.
943 5122 969 5181 I.
984 5121 1020 5181 L.
1038 5124 1052 5180 1
1076 5143 1105 5198 p.
1122 5123 1192 5182 385.
1216 5107 1300 5200 335).
1343 5126 1397 5183 sed
1416 5126 1505 5184 huius
1527 5117 1701 5182 dubitationis

394 5232 486 5274 causa
504 5217 674 5292 praecipua
698 5218 754 5278 fuit
779 5222 858 5296 quod
884 5223 955 5298 qnid
982 5223 1022 5283 sit
1047 5223 1148 5284 aedem
1175 5225 1295 5284 reficere
1316 5245 1376 5284 non
1398 5235 1485 5286 extra
1507 5223 1702 5285 dubitationem
