<?xml version="1.0" encoding="UTF-8"?>
<!DOCTYPE html PUBLIC "-//W3C//DTD XHTML 1.0 Transitional//EN"
    "http://www.w3.org/TR/xhtml1/DTD/xhtml1-transitional.dtd">
<html xmlns="http://www.w3.org/1999/xhtml" xml:lang="en" lang="en">
 <head>
  <title>
</title>
<meta http-equiv="Content-Type" content="text/html;charset=utf-8" />
  <meta name='ocr-system' content='tesseract 3.04.00' />
  <meta name='ocr-capabilities' content='ocr_page ocr_carea ocr_par ocr_line ocrx_word'/>
</head>
<body>
  <div class='ocr_page' id='page_1' title='image "./ephemerisepigra12instgoog_0282.png"; bbox 0 0 3620 6080; ppageno 0'>
   <div class='ocr_carea' id='block_1_1' title="bbox 822 0 1549 2">
    <p class='ocr_par' dir='ltr' id='par_1_1' title="bbox 822 0 1549 2">
     <span class='ocr_line' id='line_1_1' title="bbox 822 0 1549 2; baseline 0 0"><span class='ocrx_word' id='word_1_1' title='bbox 822 0 1549 2; x_wconf 95' lang='lat' dir='ltr'> </span> 
     </span>
    </p>
   </div>
   <div class='ocr_carea' id='block_1_2' title="bbox 561 643 1500 714">
    <p class='ocr_par' dir='ltr' id='par_1_2' title="bbox 561 643 1500 714">
     <span class='ocr_line' id='line_1_2' title="bbox 561 643 1500 714; baseline 0.006 -6"><span class='ocrx_word' id='word_1_2' title='bbox 561 647 869 708; x_wconf 71' lang='lat' dir='ltr'>&#39;ossnsvurrours</span> <span class='ocrx_word' id='word_1_3' title='bbox 887 657 1005 709; x_wconf 75' lang='lat' dir='ltr'>nerea.</span> <span class='ocrx_word' id='word_1_4' title='bbox 1025 656 1108 708; x_wconf 85' lang='lat' dir='ltr'>xm.</span> <span class='ocrx_word' id='word_1_5' title='bbox 1429 643 1500 714; x_wconf 77' lang='lat'>271</span> 
     </span>
    </p>
   </div>
   <div class='ocr_carea' id='block_1_3' title="bbox 73 817 1576 2830">
    <p class='ocr_par' dir='ltr' id='par_1_3' title="bbox 73 817 1576 2830">
     <span class='ocr_line' id='line_1_3' title="bbox 173 817 1506 916; baseline 0.005 -30"><span class='ocrx_word' id='word_1_6' title='bbox 173 823 255 899; x_wconf 62' lang='grc' dir='ltr'>δικῆν</span> <span class='ocrx_word' id='word_1_7' title='bbox 281 817 454 911; x_wconf 69' lang='grc' dir='ltr'>βαρβαρων.</span> <span class='ocrx_word' id='word_1_8' title='bbox 494 821 568 884; x_wconf 77' lang='grc' dir='ltr'>δυεῖν</span> <span class='ocrx_word' id='word_1_9' title='bbox 596 821 622 883; x_wconf 76' lang='grc' dir='ltr'>δ’</span> <span class='ocrx_word' id='word_1_10' title='bbox 647 827 679 885; x_wconf 79' lang='grc' dir='ltr'>ἐκ</span> <span class='ocrx_word' id='word_1_11' title='bbox 704 830 756 886; x_wconf 76' lang='grc' dir='ltr'>τοῦ</span> <span class='ocrx_word' id='word_1_12' title='bbox 775 819 937 898; x_wconf 63' lang='grc' dir='ltr'>Πολέμωνος</span> <span class='ocrx_word' id='word_1_13' title='bbox 959 818 1043 886; x_wconf 71' lang='lat' dir='ltr'>durau</span> <span class='ocrx_word' id='word_1_14' title='bbox 1071 829 1135 887; x_wconf 79' lang='grc' dir='ltr'>υἱῶν</span> <span class='ocrx_word' id='word_1_15' title='bbox 1162 819 1210 888; x_wconf 66' lang='lat' dir='ltr'>ucri</span> <span class='ocrx_word' id='word_1_16' title='bbox 1236 827 1387 916; x_wconf 64' lang='grc' dir='ltr'>θυγατρὲς</span> <span class='ocrx_word' id='word_1_17' title='bbox 1414 829 1429 904; x_wconf 71' lang='grc' dir='ltr'><strong><em>ἦ</em></strong></span> <span class='ocrx_word' id='word_1_18' title='bbox 1457 826 1506 903; x_wconf 74' lang='grc' dir='ltr'>μὲν</span> 
     </span>
     <span class='ocr_line' id='line_1_4' title="bbox 171 919 1504 1008; baseline 0.006 -21"><span class='ocrx_word' id='word_1_19' title='bbox 171 921 263 996; x_wconf 63' lang='grc' dir='ltr'><strong><em>ἐδέθη</em></strong></span> <span class='ocrx_word' id='word_1_20' title='bbox 286 921 379 986; x_wconf 69' lang='lat' dir='ltr'>Ko&#39;rui&#39;</span> <span class='ocrx_word' id='word_1_21' title='bbox 394 930 436 1004; x_wconf 70' lang='grc' dir='ltr'>τῷ</span> <span class='ocrx_word' id='word_1_22' title='bbox 457 920 587 1005; x_wconf 70' lang='grc' dir='ltr'>Σαπαῖῳ,</span> <span class='ocrx_word' id='word_1_23' title='bbox 610 920 856 1006; x_wconf 60' lang='grc' dir='ltr'>δολοφονηθέντος</span> <span class='ocrx_word' id='word_1_24' title='bbox 877 919 908 987; x_wconf 65' lang='grc' dir='ltr'>δὲ</span> <span class='ocrx_word' id='word_1_25' title='bbox 930 929 1013 1004; x_wconf 70' lang='lat' dir='ltr'>(ante</span> <span class='ocrx_word' id='word_1_26' title='bbox 1035 950 1062 988; x_wconf 83' lang='lat' dir='ltr'>a.</span> <span class='ocrx_word' id='word_1_27' title='bbox 1085 949 1113 1006; x_wconf 87' lang='lat' dir='ltr'>p.</span> <span class='ocrx_word' id='word_1_28' title='bbox 1138 929 1209 991; x_wconf 79' lang='lat' dir='ltr'>Chr.</span> <span class='ocrx_word' id='word_1_29' title='bbox 1233 933 1269 990; x_wconf 84' lang='lat'>19</span> <span class='ocrx_word' id='word_1_30' title='bbox 1293 933 1366 993; x_wconf 76' lang='lat' dir='ltr'>Tac.</span> <span class='ocrx_word' id='word_1_31' title='bbox 1389 955 1458 995; x_wconf 82' lang='lat' dir='ltr'>ann.</span> <span class='ocrx_word' id='word_1_32' title='bbox 1475 937 1504 1008; x_wconf 79' lang='lat'>2,</span> 
     </span>
     <span class='ocr_line' id='line_1_5' title="bbox 172 1019 1502 1116; baseline 0.006 -29"><span class='ocrx_word' id='word_1_33' title='bbox 172 1032 221 1102; x_wconf 71' lang='grc'>65.</span> <span class='ocrx_word' id='word_1_34' title='bbox 247 1031 301 1106; x_wconf 85' lang='grc'>66)</span> <span class='ocrx_word' id='word_1_35' title='bbox 323 1020 465 1112; x_wconf 57' lang='grc' dir='ltr'>ἐχήρευσε</span> <span class='ocrx_word' id='word_1_36' title='bbox 481 1024 588 1092; x_wconf 76' lang='grc' dir='ltr'>παῖδας</span> <span class='ocrx_word' id='word_1_37' title='bbox 608 1019 725 1106; x_wconf 63' lang='grc' dir='ltr'>ἔχουσα</span> <span class='ocrx_word' id='word_1_38' title='bbox 747 1026 782 1111; x_wconf 77' lang='grc' dir='ltr'>ἐξ</span> <span class='ocrx_word' id='word_1_39' title='bbox 797 1027 901 1089; x_wconf 72' lang='grc' dir='ltr'>αυτοῦ·</span> <span class='ocrx_word' id='word_1_40' title='bbox 924 1022 1089 1089; x_wconf 70' lang='grc' dir='ltr'>δυναστεύει</span> <span class='ocrx_word' id='word_1_41' title='bbox 1113 1027 1138 1089; x_wconf 75' lang='grc' dir='ltr'>δ’</span> <span class='ocrx_word' id='word_1_42' title='bbox 1157 1025 1502 1116; x_wconf 68' lang='grc' dir='ltr'>ὅπρεσβυτατοςαῦτῶν.</span> 
     </span>
     <span class='ocr_line' id='line_1_6' title="bbox 170 1119 1503 1220; baseline 0.005 -31"><span class='ocrx_word' id='word_1_43' title='bbox 170 1133 224 1190; x_wconf 70' lang='grc' dir='ltr'>τῶν</span> <span class='ocrx_word' id='word_1_44' title='bbox 246 1119 276 1188; x_wconf 73' lang='lat' dir='ltr'>di</span> <span class='ocrx_word' id='word_1_45' title='bbox 298 1133 348 1204; x_wconf 70' lang='grc' dir='ltr'>τῆς</span> <span class='ocrx_word' id='word_1_46' title='bbox 368 1123 575 1214; x_wconf 68' lang='grc' dir='ltr'>Πυθοδωρῖδος</span> <span class='ocrx_word' id='word_1_47' title='bbox 602 1131 666 1188; x_wconf 73' lang='grc' dir='ltr'>υἱῶν</span> <span class='ocrx_word' id='word_1_48' title='bbox 687 1130 702 1188; x_wconf 80' lang='lat' dir='ltr'>u‘</span> <span class='ocrx_word' id='word_1_49' title='bbox 729 1121 778 1201; x_wconf 75' lang='grc' dir='ltr'>μὲν</span> <span class='ocrx_word' id='word_1_50' title='bbox 803 1127 915 1202; x_wconf 73' lang='grc' dir='ltr'>ἰδιώτης</span> <span class='ocrx_word' id='word_1_51' title='bbox 941 1124 1087 1209; x_wconf 70' lang='grc' dir='ltr'>συνδιῴκεο</span> <span class='ocrx_word' id='word_1_52' title='bbox 1113 1135 1148 1211; x_wconf 75' lang='grc' dir='ltr'>τῇ</span> <span class='ocrx_word' id='word_1_53' title='bbox 1171 1124 1249 1218; x_wconf 66' lang='grc' dir='ltr'>μητρὶ</span> <span class='ocrx_word' id='word_1_54' title='bbox 1274 1130 1325 1205; x_wconf 73' lang='grc' dir='ltr'>τὴν</span> <span class='ocrx_word' id='word_1_55' title='bbox 1350 1132 1460 1220; x_wconf 68' lang='grc' dir='ltr'>ἀρχήν,</span> <span class='ocrx_word' id='word_1_56' title='bbox 1488 1137 1503 1196; x_wconf 81' lang='grc' dir='ltr'>ὅ</span> 
     </span>
     <span class='ocr_line' id='line_1_7' title="bbox 173 1221 1505 1317; baseline 0.003 -25"><span class='ocrx_word' id='word_1_57' title='bbox 173 1221 203 1292; x_wconf 66' lang='grc' dir='ltr'>δὲ</span> <span class='ocrx_word' id='word_1_58' title='bbox 236 1222 335 1292; x_wconf 63' lang='grc' dir='ltr'>νεωστὶ</span> <span class='ocrx_word' id='word_1_59' title='bbox 363 1223 549 1290; x_wconf 67' lang='grc' dir='ltr'>καθέστασαν</span> <span class='ocrx_word' id='word_1_60' title='bbox 581 1233 632 1303; x_wconf 76' lang='grc' dir='ltr'>τῆς</span> <span class='ocrx_word' id='word_1_61' title='bbox 662 1223 793 1309; x_wconf 66' lang='grc' dir='ltr'>μειγοῖλης</span> <span class='ocrx_word' id='word_1_62' title='bbox 818 1230 965 1317; x_wconf 75' lang='grc' dir='ltr'>Ἀρμενίας</span> <span class='ocrx_word' id='word_1_63' title='bbox 990 1224 1149 1297; x_wconf 62' lang='grc' dir='ltr'>Βασιλεύς·</span> <span class='ocrx_word' id='word_1_64' title='bbox 1183 1230 1254 1305; x_wconf 69' lang='grc' dir='ltr'>ἀυτὴ</span> <span class='ocrx_word' id='word_1_65' title='bbox 1283 1227 1314 1292; x_wconf 82' lang='grc' dir='ltr'>δὲ</span> <span class='ocrx_word' id='word_1_66' title='bbox 1342 1228 1505 1313; x_wconf 70' lang='grc' dir='ltr'>συνῴκησεν</span> 
     </span>
     <span class='ocr_line' id='line_1_8' title="bbox 169 1324 1569 1418; baseline 0.007 -27"><span class='ocrx_word' id='word_1_67' title='bbox 169 1325 327 1418; x_wconf 69' lang='grc' dir='ltr'>Ἀρχελάῳ</span> <span class='ocrx_word' id='word_1_68' title='bbox 355 1324 403 1391; x_wconf 65' lang='grc' dir='ltr'>καὶ</span> <span class='ocrx_word' id='word_1_69' title='bbox 430 1325 585 1402; x_wconf 79' lang='grc' dir='ltr'>συνέμεονεν</span> <span class='ocrx_word' id='word_1_70' title='bbox 618 1325 710 1409; x_wconf 67' lang='grc' dir='ltr'>ἐκείνω</span> <span class='ocrx_word' id='word_1_71' title='bbox 739 1325 824 1418; x_wconf 69' lang='grc' dir='ltr'>μέχρι</span> <span class='ocrx_word' id='word_1_72' title='bbox 853 1325 951 1395; x_wconf 77' lang='grc' dir='ltr'>τὲλους</span> <span class='ocrx_word' id='word_1_73' title='bbox 977 1335 1088 1412; x_wconf 81' lang='lat' dir='ltr'>(tangit</span> <span class='ocrx_word' id='word_1_74' title='bbox 1107 1336 1250 1395; x_wconf 82' lang='lat' dir='ltr'><strong>Archelai</strong></span> <span class='ocrx_word' id='word_1_75' title='bbox 1277 1339 1357 1417; x_wconf 83' lang='lat' dir='ltr'>regis</span> <span class='ocrx_word' id='word_1_76' title='bbox 1384 1338 1504 1418; x_wconf 78' lang='lat' dir='ltr'>Cappa·</span> <span class='ocrx_word' id='word_1_77' title='bbox 1566 1339 1569 1346; x_wconf 33' lang='lat'>¹</span> 
     </span>
     <span class='ocr_line' id='line_1_9' title="bbox 172 1434 1505 1516; baseline 0.007 -24"><span class='ocrx_word' id='word_1_78' title='bbox 172 1434 277 1494; x_wconf 87' lang='lat' dir='ltr'>dociae</span> <span class='ocrx_word' id='word_1_79' title='bbox 309 1435 514 1494; x_wconf 79' lang='lat' dir='ltr'>evocationem</span> <span class='ocrx_word' id='word_1_80' title='bbox 546 1436 579 1494; x_wconf 91' lang='lat' dir='ltr'>in</span> <span class='ocrx_word' id='word_1_81' title='bbox 610 1436 714 1494; x_wconf 89' lang='lat' dir='ltr'>urbem</span> <span class='ocrx_word' id='word_1_82' title='bbox 733 1453 773 1494; x_wconf 81' lang='lat' dir='ltr'>a.</span> <span class='ocrx_word' id='word_1_83' title='bbox 800 1456 829 1512; x_wconf 90' lang='lat' dir='ltr'>p.</span> <span class='ocrx_word' id='word_1_84' title='bbox 858 1435 931 1494; x_wconf 82' lang='lat' dir='ltr'>Chr.</span> <span class='ocrx_word' id='word_1_85' title='bbox 961 1437 999 1494; x_wconf 89' lang='lat'>14</span> <span class='ocrx_word' id='word_1_86' title='bbox 1031 1443 1215 1513; x_wconf 88' lang='lat' dir='ltr'>mortemque</span> <span class='ocrx_word' id='word_1_87' title='bbox 1242 1457 1270 1498; x_wconf 87' lang='lat' dir='ltr'>a.</span> <span class='ocrx_word' id='word_1_88' title='bbox 1297 1459 1326 1516; x_wconf 87' lang='lat' dir='ltr'>p.</span> <span class='ocrx_word' id='word_1_89' title='bbox 1353 1439 1425 1500; x_wconf 82' lang='lat' dir='ltr'>Chr.</span> <span class='ocrx_word' id='word_1_90' title='bbox 1451 1443 1505 1512; x_wconf 83' lang='lat'><strong>17,·</strong></span> 
     </span>
     <span class='ocr_line' id='line_1_10' title="bbox 171 1528 1504 1624; baseline 0.005 -30"><span class='ocrx_word' id='word_1_91' title='bbox 171 1536 208 1594; x_wconf 85' lang='lat' dir='ltr'>oi.</span> <span class='ocrx_word' id='word_1_92' title='bbox 238 1537 315 1596; x_wconf 85' lang='lat' dir='ltr'>Tae.</span> <span class='ocrx_word' id='word_1_93' title='bbox 340 1555 408 1594; x_wconf 87' lang='lat' dir='ltr'>ann.</span> <span class='ocrx_word' id='word_1_94' title='bbox 432 1536 461 1607; x_wconf 78' lang='lat'>2,</span> <span class='ocrx_word' id='word_1_95' title='bbox 483 1535 523 1594; x_wconf 76' lang='lat'>42</span> <span class='ocrx_word' id='word_1_96' title='bbox 557 1545 587 1594; x_wconf 87' lang='lat' dir='ltr'>et</span> <span class='ocrx_word' id='word_1_97' title='bbox 614 1534 735 1601; x_wconf 83' lang='lat' dir='ltr'>Olinton</span> <span class='ocrx_word' id='word_1_98' title='bbox 761 1537 831 1596; x_wconf 86' lang='lat' dir='ltr'>fast.</span> <span class='ocrx_word' id='word_1_99' title='bbox 858 1537 940 1596; x_wconf 91' lang='lat' dir='ltr'>Hell.</span> <span class='ocrx_word' id='word_1_100' title='bbox 965 1539 982 1596; x_wconf 89' lang='lat'><strong>3</strong></span> <span class='ocrx_word' id='word_1_101' title='bbox 1009 1557 1039 1614; x_wconf 93' lang='lat' dir='ltr'>p.</span> <span class='ocrx_word' id='word_1_102' title='bbox 1062 1539 1148 1615; x_wconf 83' lang='lat'>438),</span> <span class='ocrx_word' id='word_1_103' title='bbox 1181 1541 1229 1595; x_wconf 77' lang='grc' dir='ltr'>νῦν</span> <span class='ocrx_word' id='word_1_104' title='bbox 1256 1528 1288 1597; x_wconf 75' lang='grc' dir='ltr'>δὲ</span> <span class='ocrx_word' id='word_1_105' title='bbox 1313 1533 1442 1624; x_wconf 72' lang='grc' dir='ltr'>χηρεύει,</span> <span class='ocrx_word' id='word_1_106' title='bbox 1466 1535 1504 1600; x_wconf 73' lang='grc' dir='ltr'>τά</span> 
     </span>
     <span class='ocr_line' id='line_1_11' title="bbox 171 1623 1503 1724; baseline 0.005 -30"><span class='ocrx_word' id='word_1_107' title='bbox 171 1659 202 1694; x_wconf 75' lang='grc' dir='ltr'>τε</span> <span class='ocrx_word' id='word_1_108' title='bbox 221 1627 375 1716; x_wconf 66' lang='grc' dir='ltr'>λεχθέντα</span> <span class='ocrx_word' id='word_1_109' title='bbox 397 1627 514 1714; x_wconf 67' lang='grc' dir='ltr'>ἔχουσα</span> <span class='ocrx_word' id='word_1_110' title='bbox 529 1629 625 1720; x_wconf 70' lang='grc' dir='ltr'>χωρία</span> <span class='ocrx_word' id='word_1_111' title='bbox 645 1627 692 1694; x_wconf 61' lang='grc' dir='ltr'>καὶ</span> <span class='ocrx_word' id='word_1_112' title='bbox 713 1623 791 1694; x_wconf 69' lang='grc' dir='ltr'>ἄλλα</span> <span class='ocrx_word' id='word_1_113' title='bbox 805 1631 913 1706; x_wconf 70' lang='grc' dir='ltr'>ἐκείνων</span> <span class='ocrx_word' id='word_1_114' title='bbox 927 1629 1110 1721; x_wconf 66' lang='grc' dir='ltr'>χαριέστερα,</span> <span class='ocrx_word' id='word_1_115' title='bbox 1131 1629 1191 1723; x_wconf 58' lang='grc' dir='ltr'>περὶ</span> <span class='ocrx_word' id='word_1_116' title='bbox 1207 1629 1244 1697; x_wconf 69' lang='lat' dir='ltr'>uir</span> <span class='ocrx_word' id='word_1_117' title='bbox 1259 1637 1369 1724; x_wconf 75' lang='grc' dir='ltr'>ἐφεξῆς</span> <span class='ocrx_word' id='word_1_118' title='bbox 1382 1641 1503 1724; x_wconf 72' lang='grc' dir='ltr'>ἐροῦμεν.</span> 
     </span>
     <span class='ocr_line' id='line_1_12' title="bbox 160 1736 1504 1816; baseline 0.006 -20"><span class='ocrx_word' id='word_1_119' title='bbox 160 1736 258 1812; x_wconf 76' lang='lat' dir='ltr'>‚Quae</span> <span class='ocrx_word' id='word_1_120' title='bbox 287 1757 354 1798; x_wconf 89' lang='lat' dir='ltr'>cum</span> <span class='ocrx_word' id='word_1_121' title='bbox 382 1739 500 1814; x_wconf 81' lang='lat' dir='ltr'>egregie</span> <span class='ocrx_word' id='word_1_122' title='bbox 525 1739 705 1797; x_wconf 82' lang='lat' dir='ltr'>conveniant</span> <span class='ocrx_word' id='word_1_123' title='bbox 731 1758 798 1798; x_wconf 87' lang='lat' dir='ltr'>cum</span> <span class='ocrx_word' id='word_1_124' title='bbox 824 1740 911 1798; x_wconf 87' lang='lat' dir='ltr'>titulo</span> <span class='ocrx_word' id='word_1_125' title='bbox 934 1737 1110 1816; x_wconf 83' lang='lat' dir='ltr'>Smyrnaeo,</span> <span class='ocrx_word' id='word_1_126' title='bbox 1136 1760 1214 1799; x_wconf 86' lang='lat' dir='ltr'>nunc</span> <span class='ocrx_word' id='word_1_127' title='bbox 1236 1742 1355 1802; x_wconf 90' lang='lat' dir='ltr'>demum</span> <span class='ocrx_word' id='word_1_128' title='bbox 1377 1745 1504 1804; x_wconf 86' lang='lat' dir='ltr'>addisci·</span> 
     </span>
     <span class='ocr_line' id='line_1_13' title="bbox 172 1839 1504 1922; baseline 0.005 -23"><span class='ocrx_word' id='word_1_129' title='bbox 172 1856 240 1899; x_wconf 87' lang='lat' dir='ltr'>mus</span> <span class='ocrx_word' id='word_1_130' title='bbox 262 1839 498 1918; x_wconf 86' lang='lat' dir='ltr'>Pythodoridem</span> <span class='ocrx_word' id='word_1_131' title='bbox 524 1848 625 1899; x_wconf 87' lang='lat' dir='ltr'>natam</span> <span class='ocrx_word' id='word_1_132' title='bbox 648 1858 714 1898; x_wconf 87' lang='lat' dir='ltr'>esse</span> <span class='ocrx_word' id='word_1_133' title='bbox 736 1859 774 1899; x_wconf 85' lang='lat' dir='ltr'>ex</span> <span class='ocrx_word' id='word_1_134' title='bbox 795 1842 930 1906; x_wconf 90' lang='lat' dir='ltr'>Antonia</span> <span class='ocrx_word' id='word_1_135' title='bbox 955 1848 985 1898; x_wconf 87' lang='lat' dir='ltr'>et</span> <span class='ocrx_word' id='word_1_136' title='bbox 1006 1842 1044 1899; x_wconf 90' lang='lat' dir='ltr'>ab</span> <span class='ocrx_word' id='word_1_137' title='bbox 1066 1842 1122 1900; x_wconf 91' lang='lat' dir='ltr'>hac</span> <span class='ocrx_word' id='word_1_138' title='bbox 1143 1843 1211 1920; x_wconf 88' lang='lat' dir='ltr'>ipsa</span> <span class='ocrx_word' id='word_1_139' title='bbox 1231 1845 1366 1902; x_wconf 90' lang='lat' dir='ltr'>Antonia</span> <span class='ocrx_word' id='word_1_140' title='bbox 1386 1849 1504 1922; x_wconf 84' lang='lat' dir='ltr'>generis</span> 
     </span>
     <span class='ocr_line' id='line_1_14' title="bbox 173 1941 1505 2028; baseline 0.005 -28"><span class='ocrx_word' id='word_1_141' title='bbox 173 1941 368 2028; x_wconf 84' lang='lat' dir='ltr'>splendorem.</span> <span class='ocrx_word' id='word_1_142' title='bbox 389 1941 581 2016; x_wconf 89' lang='lat' dir='ltr'>potissimum</span> <span class='ocrx_word' id='word_1_143' title='bbox 606 1941 766 2017; x_wconf 89' lang='lat' dir='ltr'>proficisci.</span> <span class='ocrx_word' id='word_1_144' title='bbox 814 1942 914 2000; x_wconf 89' lang='lat' dir='ltr'>Aliter</span> <span class='ocrx_word' id='word_1_145' title='bbox 942 1943 1020 2000; x_wconf 89' lang='lat' dir='ltr'>enim</span> <span class='ocrx_word' id='word_1_146' title='bbox 1050 1943 1197 2020; x_wconf 87' lang='lat' dir='ltr'>explicari</span> <span class='ocrx_word' id='word_1_147' title='bbox 1222 1946 1334 2021; x_wconf 86' lang='lat' dir='ltr'>nequit,</span> <span class='ocrx_word' id='word_1_148' title='bbox 1368 1949 1450 2023; x_wconf 93' lang='lat' dir='ltr'>quod</span> <span class='ocrx_word' id='word_1_149' title='bbox 1475 1955 1505 2006; x_wconf 88' lang='lat' dir='ltr'>et</span> 
     </span>
     <span class='ocr_line' id='line_1_15' title="bbox 73 2032 1505 2130; baseline 0.008 -34"><span class='ocrx_word' id='word_1_150' title='bbox 73 2089 77 2096; x_wconf 89' lang='lat'>.</span> <span class='ocrx_word' id='word_1_151' title='bbox 161 2041 308 2102; x_wconf 82' lang='lat' dir='ltr'>&#39;Antonia</span> <span class='ocrx_word' id='word_1_152' title='bbox 333 2042 386 2112; x_wconf 91' lang='lat' dir='ltr'>illa</span> <span class='ocrx_word' id='word_1_153' title='bbox 410 2043 579 2119; x_wconf 88' lang='lat' dir='ltr'>appellatur</span> <span class='ocrx_word' id='word_1_154' title='bbox 605 2032 746 2124; x_wconf 68' lang='grc' dir='ltr'>εὐεργέτις</span> <span class='ocrx_word' id='word_1_155' title='bbox 778 2044 938 2120; x_wconf 83' lang='lat' dir='ltr'>agnomine</span> <span class='ocrx_word' id='word_1_156' title='bbox 965 2044 1049 2119; x_wconf 80' lang='lat' dir='ltr'>regio</span> <span class='ocrx_word' id='word_1_157' title='bbox 1076 2051 1105 2101; x_wconf 87' lang='lat' dir='ltr'>et</span> <span class='ocrx_word' id='word_1_158' title='bbox 1132 2044 1195 2102; x_wconf 88' lang='lat' dir='ltr'>filia</span> <span class='ocrx_word' id='word_1_159' title='bbox 1223 2036 1384 2130; x_wconf 63' lang='grc' dir='ltr'>φιλομήτωρ</span> <span class='ocrx_word' id='word_1_160' title='bbox 1410 2047 1505 2124; x_wconf 89' lang='lat' dir='ltr'>(quod</span> 
     </span>
     <span class='ocr_line' id='line_1_16' title="bbox 173 2141 1505 2226; baseline 0.005 -24"><span class='ocrx_word' id='word_1_161' title='bbox 173 2159 322 2221; x_wconf 78' lang='lat' dir='ltr'>agnomen</span> <span class='ocrx_word' id='word_1_162' title='bbox 364 2143 435 2202; x_wconf 86' lang='lat' dir='ltr'>item</span> <span class='ocrx_word' id='word_1_163' title='bbox 472 2144 549 2219; x_wconf 87' lang='lat' dir='ltr'>gerit</span> <span class='ocrx_word' id='word_1_164' title='bbox 588 2141 619 2200; x_wconf 90' lang='lat' dir='ltr'>in</span> <span class='ocrx_word' id='word_1_165' title='bbox 660 2143 748 2200; x_wconf 87' lang='lat' dir='ltr'>titulo</span> <span class='ocrx_word' id='word_1_166' title='bbox 783 2143 884 2201; x_wconf 83' lang='lat' dir='ltr'>Attico</span> <span class='ocrx_word' id='word_1_167' title='bbox 924 2144 1003 2202; x_wconf 90' lang='lat' dir='ltr'>edito</span> <span class='ocrx_word' id='word_1_168' title='bbox 1043 2152 1114 2220; x_wconf 82' lang='lat' dir='ltr'>post</span> <span class='ocrx_word' id='word_1_169' title='bbox 1149 2146 1225 2205; x_wconf 88' lang='lat' dir='ltr'>alios</span> <span class='ocrx_word' id='word_1_170' title='bbox 1260 2166 1280 2204; x_wconf 87' lang='lat' dir='ltr'>a</span> <span class='ocrx_word' id='word_1_171' title='bbox 1313 2147 1505 2226; x_wconf 82' lang='lat' dir='ltr'>Bergmanno</span> 
     </span>
     <span class='ocr_line' id='line_1_17' title="bbox 172 2235 1505 2332; baseline 0.002 -29"><span class='ocrx_word' id='word_1_172' title='bbox 172 2245 293 2304; x_wconf 79' lang='lat' dir='ltr'>Ballou.</span> <span class='ocrx_word' id='word_1_173' title='bbox 315 2244 336 2304; x_wconf 91' lang='lat' dir='ltr'>l.</span> <span class='ocrx_word' id='word_1_174' title='bbox 359 2262 383 2303; x_wconf 82' lang='lat' dir='ltr'>c.</span> <span class='ocrx_word' id='word_1_175' title='bbox 412 2264 450 2321; x_wconf 84' lang='lat' dir='ltr'>p.</span> <span class='ocrx_word' id='word_1_176' title='bbox 466 2243 504 2302; x_wconf 75' lang='lat'>82</span> <span class='ocrx_word' id='word_1_177' title='bbox 533 2244 602 2300; x_wconf 81' lang='lat' dir='ltr'>hoc:</span> <span class='ocrx_word' id='word_1_178' title='bbox 636 2238 649 2300; x_wconf 79' lang='lat' dir='ltr'>&lt;i</span> <span class='ocrx_word' id='word_1_179' title='bbox 678 2237 790 2320; x_wconf 77' lang='grc' dir='ltr'>δῆμ[ος]</span> <span class='ocrx_word' id='word_1_180' title='bbox 822 2235 1004 2308; x_wconf 66' lang='grc' dir='ltr'>βασίλισσαν</span> <span class='ocrx_word' id='word_1_181' title='bbox 1030 2239 1223 2329; x_wconf 62' lang='grc' dir='ltr'>Πυθοδωρίδα</span> <span class='ocrx_word' id='word_1_182' title='bbox 1253 2239 1457 2332; x_wconf 63' lang='grc' dir='ltr'>φιλομήτορα).</span> <span class='ocrx_word' id='word_1_183' title='bbox 1475 2260 1505 2310; x_wconf 89' lang='lat' dir='ltr'>et</span> 
     </span>
     <span class='ocr_line' id='line_1_18' title="bbox 173 2338 1503 2427; baseline 0.007 -25"><span class='ocrx_word' id='word_1_184' title='bbox 173 2364 269 2423; x_wconf 91' lang='lat' dir='ltr'>nepos</span> <span class='ocrx_word' id='word_1_185' title='bbox 314 2338 515 2427; x_wconf 70' lang='grc' dir='ltr'>θυγατριδοῦς</span> <span class='ocrx_word' id='word_1_186' title='bbox 548 2343 698 2402; x_wconf 86' lang='lat' dir='ltr'>Antoniae</span> <span class='ocrx_word' id='word_1_187' title='bbox 743 2346 913 2421; x_wconf 87' lang='lat' dir='ltr'>praeteritis</span> <span class='ocrx_word' id='word_1_188' title='bbox 956 2346 1020 2403; x_wconf 88' lang='lat' dir='ltr'>avis</span> <span class='ocrx_word' id='word_1_189' title='bbox 1056 2346 1173 2406; x_wconf 89' lang='lat' dir='ltr'>duobus</span> <span class='ocrx_word' id='word_1_190' title='bbox 1209 2349 1336 2425; x_wconf 87' lang='lat' dir='ltr'>aviaque</span> <span class='ocrx_word' id='word_1_191' title='bbox 1370 2358 1503 2426; x_wconf 84' lang='lat' dir='ltr'>paterna.</span> 
     </span>
     <span class='ocr_line' id='line_1_19' title="bbox 172 2440 1504 2528; baseline 0.006 -24"><span class='ocrx_word' id='word_1_192' title='bbox 172 2445 313 2522; x_wconf 90' lang='lat' dir='ltr'>Denique</span> <span class='ocrx_word' id='word_1_193' title='bbox 328 2445 407 2522; x_wconf 90' lang='lat' dir='ltr'>quod</span> <span class='ocrx_word' id='word_1_194' title='bbox 428 2445 458 2503; x_wconf 93' lang='lat' dir='ltr'>in</span> <span class='ocrx_word' id='word_1_195' title='bbox 473 2446 648 2522; x_wconf 90' lang='lat' dir='ltr'>parentibus</span> <span class='ocrx_word' id='word_1_196' title='bbox 663 2440 795 2504; x_wconf 80' lang='lat' dir='ltr'>Zenonis</span> <span class='ocrx_word' id='word_1_197' title='bbox 817 2443 1026 2504; x_wconf 83' lang='lat' dir='ltr'>enumerandis</span> <span class='ocrx_word' id='word_1_198' title='bbox 1041 2455 1137 2507; x_wconf 87' lang='lat' dir='ltr'>mater</span> <span class='ocrx_word' id='word_1_199' title='bbox 1156 2449 1261 2525; x_wconf 84' lang='lat' dir='ltr'>regina</span> <span class='ocrx_word' id='word_1_200' title='bbox 1275 2459 1388 2527; x_wconf 89' lang='lat' dir='ltr'>patrem</span> <span class='ocrx_word' id='word_1_201' title='bbox 1403 2469 1504 2528; x_wconf 86' lang='lat' dir='ltr'>regem</span> 
     </span>
     <span class='ocr_line' id='line_1_20' title="bbox 172 2546 1505 2626; baseline 0.006 -22"><span class='ocrx_word' id='word_1_202' title='bbox 172 2547 334 2622; x_wconf 88' lang='lat' dir='ltr'>praecedit,</span> <span class='ocrx_word' id='word_1_203' title='bbox 356 2565 392 2605; x_wconf 93' lang='lat' dir='ltr'>eo</span> <span class='ocrx_word' id='word_1_204' title='bbox 408 2546 591 2623; x_wconf 81' lang='lat' dir='ltr'>significatur</span> <span class='ocrx_word' id='word_1_205' title='bbox 606 2548 715 2622; x_wconf 89' lang='lat' dir='ltr'>opinor</span> <span class='ocrx_word' id='word_1_206' title='bbox 735 2565 859 2624; x_wconf 85' lang='lat' dir='ltr'>regnum</span> <span class='ocrx_word' id='word_1_207' title='bbox 874 2547 965 2605; x_wconf 85' lang='lat' dir='ltr'>Ponti</span> <span class='ocrx_word' id='word_1_208' title='bbox 986 2549 1030 2606; x_wconf 84' lang='lat' dir='ltr'>ita</span> <span class='ocrx_word' id='word_1_209' title='bbox 1044 2549 1186 2626; x_wconf 84' lang='lat' dir='ltr'>coniuges</span> <span class='ocrx_word' id='word_1_210' title='bbox 1202 2551 1292 2609; x_wconf 87' lang='lat' dir='ltr'>simul</span> <span class='ocrx_word' id='word_1_211' title='bbox 1306 2553 1450 2626; x_wconf 88' lang='lat' dir='ltr'>tenuisse,</span> <span class='ocrx_word' id='word_1_212' title='bbox 1471 2560 1505 2612; x_wconf 91' lang='lat' dir='ltr'>ut</span> 
     </span>
     <span class='ocr_line' id='line_1_21' title="bbox 172 2647 1554 2726; baseline 0.004 -19"><span class='ocrx_word' id='word_1_213' title='bbox 172 2647 208 2707; x_wconf 89' lang='lat' dir='ltr'>ad</span> <span class='ocrx_word' id='word_1_214' title='bbox 235 2647 471 2724; x_wconf 89' lang='lat' dir='ltr'>Pythodoridem</span> <span class='ocrx_word' id='word_1_215' title='bbox 503 2647 602 2725; x_wconf 90' lang='lat' dir='ltr'>potius</span> <span class='ocrx_word' id='word_1_216' title='bbox 629 2657 794 2725; x_wconf 51' lang='lat' dir='ltr'>spectaret,</span> <span class='ocrx_word' id='word_1_217' title='bbox 809 2665 898 2722; x_wconf 90' lang='lat' dir='ltr'>quam</span> <span class='ocrx_word' id='word_1_218' title='bbox 932 2648 970 2704; x_wconf 89' lang='lat' dir='ltr'>ad</span> <span class='ocrx_word' id='word_1_219' title='bbox 996 2649 1200 2709; x_wconf 90' lang='lat' dir='ltr'>Polemonem.</span> <span class='ocrx_word' id='word_1_220' title='bbox 1243 2651 1392 2726; x_wconf 84' lang='lat' dir='ltr'>Equidem</span> <span class='ocrx_word' id='word_1_221' title='bbox 1424 2663 1505 2714; x_wconf 90' lang='lat' dir='ltr'>certe</span> <span class='ocrx_word' id='word_1_222' title='bbox 1551 2651 1554 2656; x_wconf 77' lang='grc'><strong>’</strong></span> 
     </span>
     <span class='ocr_line' id='line_1_22' title="bbox 172 2748 1576 2830; baseline 0.006 -24"><span class='ocrx_word' id='word_1_223' title='bbox 172 2749 261 2808; x_wconf 86' lang='lat' dir='ltr'>aliam</span> <span class='ocrx_word' id='word_1_224' title='bbox 284 2750 349 2808; x_wconf 88' lang='lat' dir='ltr'>eius</span> <span class='ocrx_word' id='word_1_225' title='bbox 372 2749 577 2808; x_wconf 81' lang='lat' dir='ltr'>collocationis</span> <span class='ocrx_word' id='word_1_226' title='bbox 599 2749 745 2806; x_wconf 81' lang='lat' dir='ltr'>rationein</span> <span class='ocrx_word' id='word_1_227' title='bbox 766 2748 903 2807; x_wconf 84' lang='lat' dir='ltr'>idoneam</span> <span class='ocrx_word' id='word_1_228' title='bbox 920 2749 1034 2808; x_wconf 85' lang='lat' dir='ltr'>nullam</span> <span class='ocrx_word' id='word_1_229' title='bbox 1047 2751 1210 2828; x_wconf 83' lang='lat' dir='ltr'>perspici03</span> <span class='ocrx_word' id='word_1_230' title='bbox 1237 2771 1307 2810; x_wconf 88' lang='lat' dir='ltr'>nam</span> <span class='ocrx_word' id='word_1_231' title='bbox 1322 2761 1503 2830; x_wconf 83' lang='lat' dir='ltr'>quamquam</span> <span class='ocrx_word' id='word_1_232' title='bbox 1532 2795 1534 2800; x_wconf 90' lang='lat'>-</span> <span class='ocrx_word' id='word_1_233' title='bbox 1574 2759 1576 2766; x_wconf 81' lang='grc'>’</span> 
     </span>
    </p>
   </div>
   <div class='ocr_carea' id='block_1_4' title="bbox 171 2841 1604 2928">
    <p class='ocr_par' dir='ltr' id='par_1_4' title="bbox 171 2841 1604 2928">
     <span class='ocr_line' id='line_1_23' title="bbox 171 2841 1604 2928; baseline 0.006 -20"><span class='ocrx_word' id='word_1_234' title='bbox 171 2850 235 2909; x_wconf 88' lang='lat' dir='ltr'>lieri</span> <span class='ocrx_word' id='word_1_235' title='bbox 263 2859 373 2927; x_wconf 86' lang='lat' dir='ltr'>potest,</span> <span class='ocrx_word' id='word_1_236' title='bbox 400 2857 433 2908; x_wconf 89' lang='lat' dir='ltr'>ut</span> <span class='ocrx_word' id='word_1_237' title='bbox 454 2869 514 2926; x_wconf 94' lang='lat' dir='ltr'>quo</span> <span class='ocrx_word' id='word_1_238' title='bbox 536 2841 671 2927; x_wconf 82' lang='lat' dir='ltr'>tempore</span> <span class='ocrx_word' id='word_1_239' title='bbox 693 2859 794 2908; x_wconf 87' lang='lat' dir='ltr'>statua</span> <span class='ocrx_word' id='word_1_240' title='bbox 815 2849 928 2908; x_wconf 88' lang='lat' dir='ltr'>Zenoni</span> <span class='ocrx_word' id='word_1_241' title='bbox 955 2851 1092 2909; x_wconf 83' lang='lat' dir='ltr'>dedicata</span> <span class='ocrx_word' id='word_1_242' title='bbox 1119 2859 1173 2925; x_wconf 85' lang='lat' dir='ltr'>est,</span> <span class='ocrx_word' id='word_1_243' title='bbox 1200 2853 1365 2913; x_wconf 88' lang='lat' dir='ltr'>Polemone</span> <span class='ocrx_word' id='word_1_244' title='bbox 1386 2864 1503 2915; x_wconf 90' lang='lat' dir='ltr'>mortuo</span> <span class='ocrx_word' id='word_1_245' title='bbox 1586 2867 1604 2928; x_wconf 56' lang='grc'>’,</span> 
     </span>
    </p>
   </div>
   <div class='ocr_carea' id='block_1_5' title="bbox 138 2939 1570 4757">
    <p class='ocr_par' dir='ltr' id='par_1_5' title="bbox 138 2939 1570 4757">
     <span class='ocr_line' id='line_1_24' title="bbox 138 2939 1504 3039; baseline 0.003 -27"><span class='ocrx_word' id='word_1_246' title='bbox 138 3013 142 3020; x_wconf 77' lang='grc'><em>,</em></span> <span class='ocrx_word' id='word_1_247' title='bbox 171 2939 356 3039; x_wconf 64' lang='lat' dir='ltr'>Pythodoris</span> <span class='ocrx_word' id='word_1_248' title='bbox 383 2952 449 3011; x_wconf 89' lang='lat' dir='ltr'>sola</span> <span class='ocrx_word' id='word_1_249' title='bbox 475 2952 622 3028; x_wconf 83' lang='lat' dir='ltr'>regnarit,</span> <span class='ocrx_word' id='word_1_250' title='bbox 649 2959 772 3028; x_wconf 89' lang='lat' dir='ltr'>propter</span> <span class='ocrx_word' id='word_1_251' title='bbox 798 2970 864 3009; x_wconf 88' lang='lat' dir='ltr'>eam</span> <span class='ocrx_word' id='word_1_252' title='bbox 890 2970 1026 3025; x_wconf 89' lang='lat' dir='ltr'>oausam,</span> <span class='ocrx_word' id='word_1_253' title='bbox 1054 2954 1137 3028; x_wconf 90' lang='lat' dir='ltr'>quod</span> <span class='ocrx_word' id='word_1_254' title='bbox 1163 2962 1249 3030; x_wconf 87' lang='lat' dir='ltr'>pater</span> <span class='ocrx_word' id='word_1_255' title='bbox 1270 2965 1407 3014; x_wconf 87' lang='lat' dir='ltr'>mortuus</span> <span class='ocrx_word' id='word_1_256' title='bbox 1423 2963 1504 3030; x_wconf 81' lang='lat' dir='ltr'>erat,</span> 
     </span>
     <span class='ocr_line' id='line_1_25' title="bbox 172 3053 1504 3136; baseline 0.002 -23"><span class='ocrx_word' id='word_1_257' title='bbox 172 3062 393 3114; x_wconf 70' lang='lat' dir='ltr'>mater&#39;autem</span> <span class='ocrx_word' id='word_1_258' title='bbox 418 3053 449 3110; x_wconf 90' lang='lat' dir='ltr'>in</span> <span class='ocrx_word' id='word_1_259' title='bbox 476 3053 569 3125; x_wconf 86' lang='lat' dir='ltr'>vivis,</span> <span class='ocrx_word' id='word_1_260' title='bbox 598 3059 684 3128; x_wconf 88' lang='lat' dir='ltr'>pater</span> <span class='ocrx_word' id='word_1_261' title='bbox 713 3053 801 3110; x_wconf 89' lang='lat' dir='ltr'>matri</span> <span class='ocrx_word' id='word_1_262' title='bbox 826 3054 969 3129; x_wconf 83' lang='lat' dir='ltr'>postponi</span> <span class='ocrx_word' id='word_1_263' title='bbox 996 3073 1056 3113; x_wconf 91' lang='lat' dir='ltr'>non</span> <span class='ocrx_word' id='word_1_264' title='bbox 1084 3054 1196 3114; x_wconf 86' lang='lat' dir='ltr'>debuit.</span> <span class='ocrx_word' id='word_1_265' title='bbox 1245 3053 1359 3132; x_wconf 81' lang='lat' dir='ltr'>Contra</span> <span class='ocrx_word' id='word_1_266' title='bbox 1384 3061 1504 3136; x_wconf 84' lang='lat' dir='ltr'>generis</span> 
     </span>
     <span class='ocr_line' id='line_1_26' title="bbox 172 3153 1504 3236; baseline 0.003 -21"><span class='ocrx_word' id='word_1_267' title='bbox 172 3156 316 3232; x_wconf 78' lang='lat' dir='ltr'>splendor</span> <span class='ocrx_word' id='word_1_268' title='bbox 336 3164 367 3213; x_wconf 89' lang='lat' dir='ltr'>et</span> <span class='ocrx_word' id='word_1_269' title='bbox 380 3155 479 3230; x_wconf 85' lang='lat' dir='ltr'>ipsum</span> <span class='ocrx_word' id='word_1_270' title='bbox 494 3153 713 3230; x_wconf 88' lang='lat' dir='ltr'>quodammodo</span> <span class='ocrx_word' id='word_1_271' title='bbox 735 3171 859 3230; x_wconf 84' lang='lat' dir='ltr'>regnum</span> <span class='ocrx_word' id='word_1_272' title='bbox 882 3154 906 3212; x_wconf 87' lang='lat' dir='ltr'>si</span> <span class='ocrx_word' id='word_1_273' title='bbox 924 3155 1170 3231; x_wconf 87' lang='lat' dir='ltr'>proficiscebatur</span> <span class='ocrx_word' id='word_1_274' title='bbox 1192 3157 1229 3214; x_wconf 88' lang='lat' dir='ltr'>ab</span> <span class='ocrx_word' id='word_1_275' title='bbox 1245 3157 1377 3216; x_wconf 86' lang='lat' dir='ltr'>Antonia</span> <span class='ocrx_word' id='word_1_276' title='bbox 1391 3159 1504 3236; x_wconf 85' lang='lat' dir='ltr'>Pytho-</span> 
     </span>
     <span class='ocr_line' id='line_1_27' title="bbox 173 3241 1504 3331; baseline 0.002 -15"><span class='ocrx_word' id='word_1_277' title='bbox 173 3257 288 3316; x_wconf 89' lang='lat' dir='ltr'>doridis</span> <span class='ocrx_word' id='word_1_278' title='bbox 311 3263 415 3328; x_wconf 85' lang='lat' dir='ltr'>matre,</span> <span class='ocrx_word' id='word_1_279' title='bbox 438 3263 468 3314; x_wconf 86' lang='lat' dir='ltr'>et</span> <span class='ocrx_word' id='word_1_280' title='bbox 486 3244 546 3314; x_wconf 87' lang='lat' dir='ltr'>boo</span> <span class='ocrx_word' id='word_1_281' title='bbox 567 3254 760 3331; x_wconf 86' lang='lat' dir='ltr'>intellegitur,</span> <span class='ocrx_word' id='word_1_282' title='bbox 786 3275 838 3313; x_wconf 89' lang='lat' dir='ltr'>cur</span> <span class='ocrx_word' id='word_1_283' title='bbox 859 3256 966 3314; x_wconf 89' lang='lat' dir='ltr'>marito</span> <span class='ocrx_word' id='word_1_284' title='bbox 988 3241 1127 3314; x_wconf 82' lang='lat' dir='ltr'>defuneto</span> <span class='ocrx_word' id='word_1_285' title='bbox 1154 3277 1215 3316; x_wconf 92' lang='lat' dir='ltr'>non</span> <span class='ocrx_word' id='word_1_286' title='bbox 1235 3258 1315 3316; x_wconf 91' lang='lat' dir='ltr'>filius</span> <span class='ocrx_word' id='word_1_287' title='bbox 1337 3256 1365 3317; x_wconf 81' lang='lat' dir='ltr'>ei</span> <span class='ocrx_word' id='word_1_288' title='bbox 1386 3278 1504 3320; x_wconf 87' lang='lat' dir='ltr'>succes-</span> 
     </span>
     <span class='ocr_line' id='line_1_28' title="bbox 173 3357 1503 3434; baseline 0.002 -16"><span class='ocrx_word' id='word_1_289' title='bbox 173 3359 256 3430; x_wconf 84' lang='lat' dir='ltr'>serit,</span> <span class='ocrx_word' id='word_1_290' title='bbox 278 3359 334 3418; x_wconf 87' lang='lat' dir='ltr'>sed</span> <span class='ocrx_word' id='word_1_291' title='bbox 356 3377 434 3428; x_wconf 85' lang='lat' dir='ltr'>uxor</span> <span class='ocrx_word' id='word_1_292' title='bbox 455 3358 544 3416; x_wconf 90' lang='lat' dir='ltr'>etiam</span> <span class='ocrx_word' id='word_1_293' title='bbox 567 3363 655 3416; x_wconf 89' lang='lat' dir='ltr'>antea</span> <span class='ocrx_word' id='word_1_294' title='bbox 670 3374 726 3416; x_wconf 88' lang='lat' dir='ltr'>suo</span> <span class='ocrx_word' id='word_1_295' title='bbox 745 3357 810 3416; x_wconf 92' lang='lat' dir='ltr'>iure</span> <span class='ocrx_word' id='word_1_296' title='bbox 831 3373 961 3433; x_wconf 86' lang='lat' dir='ltr'>regnans</span> <span class='ocrx_word' id='word_1_297' title='bbox 977 3364 1084 3432; x_wconf 86' lang='lat' dir='ltr'>postea</span> <span class='ocrx_word' id='word_1_298' title='bbox 1099 3358 1167 3416; x_wconf 87' lang='lat' dir='ltr'>sola</span> <span class='ocrx_word' id='word_1_299' title='bbox 1180 3359 1322 3434; x_wconf 81' lang='lat' dir='ltr'>regnarit,</span> <span class='ocrx_word' id='word_1_300' title='bbox 1344 3369 1374 3419; x_wconf 91' lang='lat' dir='ltr'>et</span> <span class='ocrx_word' id='word_1_301' title='bbox 1394 3361 1503 3420; x_wconf 89' lang='lat' dir='ltr'>marito</span> 
     </span>
     <span class='ocr_line' id='line_1_29' title="bbox 172 3455 1504 3538; baseline 0.002 -20"><span class='ocrx_word' id='word_1_302' title='bbox 172 3478 224 3519; x_wconf 90' lang='lat' dir='ltr'>cur</span> <span class='ocrx_word' id='word_1_303' title='bbox 255 3468 468 3538; x_wconf 88' lang='lat' dir='ltr'>praeponatur.</span> <span class='ocrx_word' id='word_1_304' title='bbox 520 3455 617 3532; x_wconf 82' lang='lat' dir='ltr'>Quam</span> <span class='ocrx_word' id='word_1_305' title='bbox 650 3459 690 3516; x_wconf 94' lang='lat' dir='ltr'>ob</span> <span class='ocrx_word' id='word_1_306' title='bbox 721 3477 783 3517; x_wconf 91' lang='lat' dir='ltr'>rem</span> <span class='ocrx_word' id='word_1_307' title='bbox 816 3459 890 3517; x_wconf 88' lang='lat' dir='ltr'>haec</span> <span class='ocrx_word' id='word_1_308' title='bbox 916 3459 1052 3516; x_wconf 86' lang='lat' dir='ltr'>Antonia</span> <span class='ocrx_word' id='word_1_309' title='bbox 1083 3477 1231 3535; x_wconf 81' lang='lat' dir='ltr'>quaenam</span> <span class='ocrx_word' id='word_1_310' title='bbox 1263 3477 1331 3520; x_wconf 87' lang='lat' dir='ltr'>esse</span> <span class='ocrx_word' id='word_1_311' title='bbox 1362 3463 1504 3536; x_wconf 86' lang='lat' dir='ltr'>potuerit,</span> 
     </span>
     <span class='ocr_line' id='line_1_30' title="bbox 172 3543 1561 3628; baseline -0.003 -7"><span class='ocrx_word' id='word_1_312' title='bbox 172 3561 338 3621; x_wconf 84' lang='lat' dir='ltr'>videamus.</span> <span class='ocrx_word' id='word_1_313' title='bbox 421 3605 425 3612; x_wconf 91' lang='lat'>.</span> <span class='ocrx_word' id='word_1_314' title='bbox 670 3543 678 3628; x_wconf 49' lang='lat'>,¹</span> <span class='ocrx_word' id='word_1_315' title='bbox 1558 3547 1561 3554; x_wconf 50' lang='lat'><strong>⁴</strong></span> 
     </span>
     <span class='ocr_line' id='line_1_31' title="bbox 253 3641 1503 3742; baseline 0.002 -22"><span class='ocrx_word' id='word_1_316' title='bbox 253 3663 393 3720; x_wconf 84' lang='lat' dir='ltr'>Aetatem</span> <span class='ocrx_word' id='word_1_317' title='bbox 424 3661 576 3720; x_wconf 85' lang='lat' dir='ltr'>Antoniae</span> <span class='ocrx_word' id='word_1_318' title='bbox 607 3661 826 3742; x_wconf 86' lang='lat' dir='ltr'>quodammodo</span> <span class='ocrx_word' id='word_1_319' title='bbox 859 3661 1002 3719; x_wconf 87' lang='lat' dir='ltr'>definiunt</span> <span class='ocrx_word' id='word_1_320' title='bbox 1033 3677 1110 3736; x_wconf 89' lang='lat' dir='ltr'>quae</span> <span class='ocrx_word' id='word_1_321' title='bbox 1136 3661 1173 3718; x_wconf 94' lang='lat' dir='ltr'>de</span> <span class='ocrx_word' id='word_1_322' title='bbox 1203 3661 1267 3719; x_wconf 86' lang='lat' dir='ltr'>filia</span> <span class='ocrx_word' id='word_1_323' title='bbox 1296 3641 1503 3738; x_wconf 88' lang='lat' dir='ltr'>Pythodoride</span> 
     </span>
     <span class='ocr_line' id='line_1_32' title="bbox 171 3761 1503 3841; baseline 0 -18"><span class='ocrx_word' id='word_1_324' title='bbox 171 3765 298 3840; x_wconf 89' lang='lat' dir='ltr'>eiusque</span> <span class='ocrx_word' id='word_1_325' title='bbox 320 3763 463 3841; x_wconf 85' lang='lat' dir='ltr'>progenie</span> <span class='ocrx_word' id='word_1_326' title='bbox 484 3761 596 3832; x_wconf 85' lang='lat' dir='ltr'>tradita</span> <span class='ocrx_word' id='word_1_327' title='bbox 615 3763 770 3821; x_wconf 86' lang='lat' dir='ltr'>habemus.</span> <span class='ocrx_word' id='word_1_328' title='bbox 814 3761 924 3820; x_wconf 86' lang='lat' dir='ltr'>Filium</span> <span class='ocrx_word' id='word_1_329' title='bbox 947 3761 1161 3839; x_wconf 89' lang='lat' dir='ltr'>Pythodoridis</span> <span class='ocrx_word' id='word_1_330' title='bbox 1183 3771 1256 3821; x_wconf 87' lang='lat' dir='ltr'>natu</span> <span class='ocrx_word' id='word_1_331' title='bbox 1280 3763 1425 3822; x_wconf 86' lang='lat' dir='ltr'>minorem</span> <span class='ocrx_word' id='word_1_332' title='bbox 1447 3764 1503 3824; x_wconf 92' lang='lat' dir='ltr'>Ze·</span> 
     </span>
     <span class='ocr_line' id='line_1_33' title="bbox 171 3853 1503 3946; baseline 0 -20"><span class='ocrx_word' id='word_1_333' title='bbox 171 3885 280 3926; x_wconf 89' lang='lat' dir='ltr'>nonem</span> <span class='ocrx_word' id='word_1_334' title='bbox 299 3883 393 3942; x_wconf 89' lang='lat' dir='ltr'>supra</span> <span class='ocrx_word' id='word_1_335' title='bbox 406 3865 533 3924; x_wconf 87' lang='lat' dir='ltr'>vidimus</span> <span class='ocrx_word' id='word_1_336' title='bbox 557 3883 584 3922; x_wconf 87' lang='lat' dir='ltr'>a.</span> <span class='ocrx_word' id='word_1_337' title='bbox 599 3881 629 3940; x_wconf 91' lang='lat' dir='ltr'>p.</span> <span class='ocrx_word' id='word_1_338' title='bbox 646 3862 717 3946; x_wconf 78' lang='lat' dir='ltr'>Chr.</span> <span class='ocrx_word' id='word_1_339' title='bbox 736 3865 772 3923; x_wconf 92' lang='lat'>18</span> <span class='ocrx_word' id='word_1_340' title='bbox 788 3865 942 3922; x_wconf 88' lang='lat' dir='ltr'>florentem</span> <span class='ocrx_word' id='word_1_341' title='bbox 964 3865 1100 3922; x_wconf 88' lang='lat' dir='ltr'>iuvenem</span> <span class='ocrx_word' id='word_1_342' title='bbox 1121 3864 1152 3922; x_wconf 89' lang='lat' dir='ltr'>in</span> <span class='ocrx_word' id='word_1_343' title='bbox 1167 3863 1376 3924; x_wconf 84' lang='lat' dir='ltr'>venationibus</span> <span class='ocrx_word' id='word_1_344' title='bbox 1391 3853 1503 3941; x_wconf 87' lang='lat' dir='ltr'>epulis·</span> 
     </span>
     <span class='ocr_line' id='line_1_34' title="bbox 171 3964 1503 4046; baseline -0.001 -20"><span class='ocrx_word' id='word_1_345' title='bbox 171 3985 230 4046; x_wconf 90' lang='lat' dir='ltr'>que</span> <span class='ocrx_word' id='word_1_346' title='bbox 247 3967 374 4040; x_wconf 87' lang='lat' dir='ltr'>versari,</span> <span class='ocrx_word' id='word_1_347' title='bbox 395 3966 488 4024; x_wconf 85' lang='lat' dir='ltr'>liliam</span> <span class='ocrx_word' id='word_1_348' title='bbox 509 3973 631 4042; x_wconf 86' lang='lat' dir='ltr'>nuptam</span> <span class='ocrx_word' id='word_1_349' title='bbox 655 3964 744 4042; x_wconf 85' lang='lat' dir='ltr'>Cotyi</span> <span class='ocrx_word' id='word_1_350' title='bbox 766 3965 831 4042; x_wconf 84' lang='lat' dir='ltr'>regi</span> <span class='ocrx_word' id='word_1_351' title='bbox 850 3965 998 4024; x_wconf 87' lang='lat' dir='ltr'>Thraciae</span> <span class='ocrx_word' id='word_1_352' title='bbox 1021 3967 1101 4024; x_wconf 86' lang='lat' dir='ltr'>circa</span> <span class='ocrx_word' id='word_1_353' title='bbox 1121 3965 1199 4024; x_wconf 89' lang='lat' dir='ltr'>idem</span> <span class='ocrx_word' id='word_1_354' title='bbox 1213 3972 1331 4041; x_wconf 87' lang='lat' dir='ltr'>tempus</span> <span class='ocrx_word' id='word_1_355' title='bbox 1346 3967 1503 4026; x_wconf 84' lang='lat' dir='ltr'>interfecto</span> 
     </span>
     <span class='ocr_line' id='line_1_35' title="bbox 171 4065 1502 4152; baseline -0.002 -24"><span class='ocrx_word' id='word_1_356' title='bbox 171 4069 390 4144; x_wconf 87' lang='lat' dir='ltr'>habentemque</span> <span class='ocrx_word' id='word_1_357' title='bbox 417 4067 529 4128; x_wconf 89' lang='lat' dir='ltr'>liberos</span> <span class='ocrx_word' id='word_1_358' title='bbox 556 4087 583 4126; x_wconf 86' lang='lat' dir='ltr'>a.</span> <span class='ocrx_word' id='word_1_359' title='bbox 605 4087 634 4144; x_wconf 94' lang='lat' dir='ltr'>p.</span> <span class='ocrx_word' id='word_1_360' title='bbox 658 4065 730 4126; x_wconf 88' lang='lat' dir='ltr'>Ohr.</span> <span class='ocrx_word' id='word_1_361' title='bbox 755 4068 792 4126; x_wconf 82' lang='lat'>19</span> <span class='ocrx_word' id='word_1_362' title='bbox 821 4067 952 4126; x_wconf 87' lang='lat' dir='ltr'>nondum</span> <span class='ocrx_word' id='word_1_363' title='bbox 980 4068 1108 4139; x_wconf 87' lang='lat' dir='ltr'>adultos,</span> <span class='ocrx_word' id='word_1_364' title='bbox 1139 4073 1173 4126; x_wconf 93' lang='lat' dir='ltr'>ut</span> <span class='ocrx_word' id='word_1_365' title='bbox 1201 4075 1282 4125; x_wconf 86' lang='lat' dir='ltr'>tutor</span> <span class='ocrx_word' id='word_1_366' title='bbox 1307 4085 1410 4152; x_wconf 85' lang='lat' dir='ltr'>eorum</span> <span class='ocrx_word' id='word_1_367' title='bbox 1436 4067 1502 4134; x_wconf 87' lang='lat' dir='ltr'>loco</span> 
     </span>
     <span class='ocr_line' id='line_1_36' title="bbox 171 4155 1570 4250; baseline -0.001 -20"><span class='ocrx_word' id='word_1_368' title='bbox 171 4190 296 4250; x_wconf 84' lang='lat' dir='ltr'>regnum</span> <span class='ocrx_word' id='word_1_369' title='bbox 311 4169 429 4229; x_wconf 91' lang='lat' dir='ltr'>interim</span> <span class='ocrx_word' id='word_1_370' title='bbox 444 4177 586 4238; x_wconf 80' lang='lat' dir='ltr'>tractaret</span> <span class='ocrx_word' id='word_1_371' title='bbox 602 4168 741 4245; x_wconf 82' lang='lat' dir='ltr'>(Tacibrs</span> <span class='ocrx_word' id='word_1_372' title='bbox 756 4187 823 4226; x_wconf 85' lang='lat' dir='ltr'>uun.</span> <span class='ocrx_word' id='word_1_373' title='bbox 837 4168 865 4242; x_wconf 81' lang='lat'>2,</span> <span class='ocrx_word' id='word_1_374' title='bbox 879 4167 943 4245; x_wconf 84' lang='lat'>67).</span> <span class='ocrx_word' id='word_1_375' title='bbox 972 4167 1163 4245; x_wconf 80' lang='lat' dir='ltr'>Quapropter</span> <span class='ocrx_word' id='word_1_376' title='bbox 1177 4185 1243 4228; x_wconf 89' lang='lat' dir='ltr'>cum</span> <span class='ocrx_word' id='word_1_377' title='bbox 1258 4168 1313 4226; x_wconf 89' lang='lat' dir='ltr'>filii</span> <span class='ocrx_word' id='word_1_378' title='bbox 1328 4168 1502 4228; x_wconf 91' lang='lat' dir='ltr'>Polemonis</span> <span class='ocrx_word' id='word_1_379' title='bbox 1566 4155 1570 4162; x_wconf 59' lang='grc'>’</span> 
     </span>
     <span class='ocr_line' id='line_1_37' title="bbox 172 4253 1502 4352; baseline -0.002 -21"><span class='ocrx_word' id='word_1_380' title='bbox 172 4253 201 4331; x_wconf 81' lang='lat' dir='ltr'>et</span> <span class='ocrx_word' id='word_1_381' title='bbox 215 4271 433 4350; x_wconf 85' lang='lat' dir='ltr'>Pythodoridis</span> <span class='ocrx_word' id='word_1_382' title='bbox 455 4281 523 4330; x_wconf 86' lang='lat' dir='ltr'>ante</span> <span class='ocrx_word' id='word_1_383' title='bbox 539 4289 648 4330; x_wconf 87' lang='lat' dir='ltr'>annum</span> <span class='ocrx_word' id='word_1_384' title='bbox 663 4279 743 4330; x_wconf 86' lang='lat' dir='ltr'>certe</span> <span class='ocrx_word' id='word_1_385' title='bbox 758 4270 818 4330; x_wconf 87' lang='grc'>750</span> <span class='ocrx_word' id='word_1_386' title='bbox 833 4271 896 4329; x_wconf 90' lang='lat' dir='ltr'>nati</span> <span class='ocrx_word' id='word_1_387' title='bbox 918 4271 978 4330; x_wconf 89' lang='lat' dir='ltr'>sint</span> <span class='ocrx_word' id='word_1_388' title='bbox 999 4279 1029 4330; x_wconf 89' lang='lat' dir='ltr'>et</span> <span class='ocrx_word' id='word_1_389' title='bbox 1042 4289 1166 4329; x_wconf 90' lang='lat' dir='ltr'>numero</span> <span class='ocrx_word' id='word_1_390' title='bbox 1185 4278 1247 4329; x_wconf 90' lang='lat' dir='ltr'>tres</span> <span class='ocrx_word' id='word_1_391' title='bbox 1264 4271 1384 4352; x_wconf 88' lang='lat' dir='ltr'>fuerint,</span> <span class='ocrx_word' id='word_1_392' title='bbox 1406 4271 1502 4345; x_wconf 89' lang='lat' dir='ltr'>ipsius</span> 
     </span>
     <span class='ocr_line' id='line_1_38' title="bbox 172 4371 1502 4458; baseline -0.005 -24"><span class='ocrx_word' id='word_1_393' title='bbox 172 4373 389 4452; x_wconf 86' lang='lat' dir='ltr'>Pythodoridis</span> <span class='ocrx_word' id='word_1_394' title='bbox 411 4373 527 4432; x_wconf 83' lang='lat' dir='ltr'>natales</span> <span class='ocrx_word' id='word_1_395' title='bbox 549 4382 617 4432; x_wconf 85' lang='lat' dir='ltr'>ante</span> <span class='ocrx_word' id='word_1_396' title='bbox 632 4391 741 4430; x_wconf 89' lang='lat' dir='ltr'>annum</span> <span class='ocrx_word' id='word_1_397' title='bbox 757 4379 836 4458; x_wconf 80' lang='lat' dir='ltr'>certe</span> <span class='ocrx_word' id='word_1_398' title='bbox 852 4371 911 4431; x_wconf 77' lang='lat'>727</span> <span class='ocrx_word' id='word_1_399' title='bbox 927 4373 1098 4444; x_wconf 86' lang='lat' dir='ltr'>reiciuntur,</span> <span class='ocrx_word' id='word_1_400' title='bbox 1120 4374 1211 4432; x_wconf 91' lang='lat' dir='ltr'>immo</span> <span class='ocrx_word' id='word_1_401' title='bbox 1227 4371 1381 4448; x_wconf 89' lang='lat' dir='ltr'>probabile</span> <span class='ocrx_word' id='word_1_402' title='bbox 1403 4371 1502 4430; x_wconf 87' lang='lat' dir='ltr'>estad</span> 
     </span>
     <span class='ocr_line' id='line_1_39' title="bbox 172 4473 1504 4550; baseline -0.004 -16"><span class='ocrx_word' id='word_1_403' title='bbox 172 4494 285 4534; x_wconf 84' lang='lat' dir='ltr'>annum</span> <span class='ocrx_word' id='word_1_404' title='bbox 307 4493 332 4533; x_wconf 91' lang='lat' dir='ltr'>c.</span> <span class='ocrx_word' id='word_1_405' title='bbox 350 4473 411 4533; x_wconf 79' lang='lat'>720</span> <span class='ocrx_word' id='word_1_406' title='bbox 425 4493 477 4535; x_wconf 91' lang='lat' dir='ltr'>eos</span> <span class='ocrx_word' id='word_1_407' title='bbox 499 4474 689 4536; x_wconf 85' lang='lat' dir='ltr'>adscendere.</span> <span class='ocrx_word' id='word_1_408' title='bbox 722 4473 772 4534; x_wconf 89' lang='lat' dir='ltr'>Ita</span> <span class='ocrx_word' id='word_1_409' title='bbox 791 4493 851 4550; x_wconf 95' lang='lat' dir='ltr'>quo</span> <span class='ocrx_word' id='word_1_410' title='bbox 873 4483 1006 4550; x_wconf 90' lang='lat' dir='ltr'>tempore</span> <span class='ocrx_word' id='word_1_411' title='bbox 1022 4473 1131 4534; x_wconf 83' lang='lat' dir='ltr'>Strabo</span> <span class='ocrx_word' id='word_1_412' title='bbox 1150 4474 1272 4550; x_wconf 86' lang='lat' dir='ltr'>scripsit</span> <span class='ocrx_word' id='word_1_413' title='bbox 1292 4473 1504 4550; x_wconf 85' lang='lat' dir='ltr'>quinquagesi-</span> 
     </span>
     <span class='ocr_line' id='line_1_40' title="bbox 172 4553 1501 4653; baseline -0.005 -17"><span class='ocrx_word' id='word_1_414' title='bbox 172 4595 254 4636; x_wconf 91' lang='lat' dir='ltr'>mum</span> <span class='ocrx_word' id='word_1_415' title='bbox 282 4577 345 4634; x_wconf 85' lang='lat' dir='ltr'>fere</span> <span class='ocrx_word' id='word_1_416' title='bbox 372 4595 483 4634; x_wconf 89' lang='lat' dir='ltr'>annum</span> <span class='ocrx_word' id='word_1_417' title='bbox 511 4578 619 4653; x_wconf 84' lang='lat' dir='ltr'>agebat</span> <span class='ocrx_word' id='word_1_418' title='bbox 644 4577 796 4652; x_wconf 88' lang='lat' dir='ltr'>vitamque</span> <span class='ocrx_word' id='word_1_419' title='bbox 824 4553 998 4651; x_wconf 81' lang='lat' dir='ltr'>protrahere</span> <span class='ocrx_word' id='word_1_420' title='bbox 1023 4577 1121 4653; x_wconf 84' lang='lat' dir='ltr'>potuit</span> <span class='ocrx_word' id='word_1_421' title='bbox 1148 4576 1187 4634; x_wconf 91' lang='lat' dir='ltr'>ad</span> <span class='ocrx_word' id='word_1_422' title='bbox 1212 4594 1240 4633; x_wconf 89' lang='lat' dir='ltr'>a.</span> <span class='ocrx_word' id='word_1_423' title='bbox 1271 4596 1298 4634; x_wconf 91' lang='lat' dir='ltr'>u.</span> <span class='ocrx_word' id='word_1_424' title='bbox 1327 4591 1352 4632; x_wconf 88' lang='lat' dir='ltr'>o.</span> <span class='ocrx_word' id='word_1_425' title='bbox 1380 4573 1438 4632; x_wconf 78' lang='lat'>791</span> <span class='ocrx_word' id='word_1_426' title='bbox 1463 4597 1501 4623; x_wconf 85' lang='lat'><em>=</em></span> 
     </span>
     <span class='ocr_line' id='line_1_41' title="bbox 173 4673 1502 4757; baseline -0.005 -18"><span class='ocrx_word' id='word_1_427' title='bbox 173 4699 202 4757; x_wconf 93' lang='lat' dir='ltr'>p.</span> <span class='ocrx_word' id='word_1_428' title='bbox 219 4677 292 4739; x_wconf 84' lang='lat' dir='ltr'>chr.</span> <span class='ocrx_word' id='word_1_429' title='bbox 309 4679 360 4750; x_wconf 87' lang='grc'>38,</span> <span class='ocrx_word' id='word_1_430' title='bbox 374 4696 433 4754; x_wconf 94' lang='lat' dir='ltr'>quo</span> <span class='ocrx_word' id='word_1_431' title='bbox 448 4677 574 4738; x_wconf 90' lang='lat' dir='ltr'>Polemo</span> <span class='ocrx_word' id='word_1_432' title='bbox 583 4677 710 4746; x_wconf 63' lang='lat' dir='ltr'>,ultimus</span> <span class='ocrx_word' id='word_1_433' title='bbox 725 4695 780 4735; x_wconf 89' lang='lat' dir='ltr'>rex</span> <span class='ocrx_word' id='word_1_434' title='bbox 794 4676 885 4736; x_wconf 90' lang='lat' dir='ltr'>Ponti</span> <span class='ocrx_word' id='word_1_435' title='bbox 899 4695 1025 4754; x_wconf 84' lang='lat' dir='ltr'>regnare</span> <span class='ocrx_word' id='word_1_436' title='bbox 1039 4676 1181 4753; x_wconf 76' lang='lat' dir='ltr'>coepitl).</span> <span class='ocrx_word' id='word_1_437' title='bbox 1203 4709 1240 4719; x_wconf 95' lang='lat'>-</span> <span class='ocrx_word' id='word_1_438' title='bbox 1265 4674 1354 4749; x_wconf 79' lang='lat' dir='ltr'>Quod</span> <span class='ocrx_word' id='word_1_439' title='bbox 1368 4675 1395 4734; x_wconf 88' lang='lat' dir='ltr'>si</span> <span class='ocrx_word' id='word_1_440' title='bbox 1410 4673 1502 4732; x_wconf 88' lang='lat' dir='ltr'>Wad-</span> 
     </span>
    </p>
   </div>
   <div class='ocr_carea' id='block_1_6' title="bbox 114 4913 1506 5369">
    <p class='ocr_par' dir='ltr' id='par_1_6' title="bbox 114 4913 1506 5369">
     <span class='ocr_line' id='line_1_42' title="bbox 235 4913 1505 5002; baseline -0.004 -16"><span class='ocrx_word' id='word_1_441' title='bbox 235 4935 277 4998; x_wconf 85' lang='lat'>.¹)</span> <span class='ocrx_word' id='word_1_442' title='bbox 306 4935 469 5002; x_wconf 81' lang='lat' dir='ltr'>Quamquam</span> <span class='ocrx_word' id='word_1_443' title='bbox 492 4943 629 5002; x_wconf 87' lang='lat' dir='ltr'>postquam</span> <span class='ocrx_word' id='word_1_444' title='bbox 651 4936 871 5000; x_wconf 83' lang='lat' dir='ltr'>Waddingtonius</span> <span class='ocrx_word' id='word_1_445' title='bbox 897 4937 984 4986; x_wconf 83' lang='lat' dir='ltr'>docuit</span> <span class='ocrx_word' id='word_1_446' title='bbox 1010 4937 1079 4986; x_wconf 90' lang='lat' dir='ltr'>huno</span> <span class='ocrx_word' id='word_1_447' title='bbox 1101 4937 1130 4988; x_wconf 93' lang='lat' dir='ltr'>in</span> <span class='ocrx_word' id='word_1_448' title='bbox 1152 4937 1268 4986; x_wconf 90' lang='lat' dir='ltr'>nummis&#39;</span> <span class='ocrx_word' id='word_1_449' title='bbox 1288 4935 1350 4985; x_wconf 84' lang='lat' dir='ltr'>anni</span> <span class='ocrx_word' id='word_1_450' title='bbox 1372 4913 1411 4984; x_wconf 83' lang='lat' dir='ltr'>sui</span> <span class='ocrx_word' id='word_1_451' title='bbox 1436 4933 1505 4982; x_wconf 86' lang='lat' dir='ltr'>tertii</span> 
     </span>
     <span class='ocr_line' id='line_1_43' title="bbox 179 5009 1505 5094; baseline -0.003 -16"><span class='ocrx_word' id='word_1_452' title='bbox 179 5027 276 5078; x_wconf 83' lang='lat' dir='ltr'>vultum</span> <span class='ocrx_word' id='word_1_453' title='bbox 294 5043 384 5092; x_wconf 81' lang='lat' dir='ltr'>gerere</span> <span class='ocrx_word' id='word_1_454' title='bbox 403 5009 477 5093; x_wconf 85' lang='lat' dir='ltr'>pueri</span> <span class='ocrx_word' id='word_1_455' title='bbox 495 5044 622 5079; x_wconf 86' lang='lat' dir='ltr'>annorum</span> <span class='ocrx_word' id='word_1_456' title='bbox 645 5029 700 5078; x_wconf 87' lang='lat' dir='ltr'>fere</span> <span class='ocrx_word' id='word_1_457' title='bbox 724 5028 869 5094; x_wconf 87' lang='lat' dir='ltr'>quindecim</span> <span class='ocrx_word' id='word_1_458' title='bbox 893 5029 979 5092; x_wconf 82' lang='lat' dir='ltr'>itaque</span> <span class='ocrx_word' id='word_1_459' title='bbox 1000 5042 1047 5092; x_wconf 88' lang='lat' dir='ltr'>pro</span> <span class='ocrx_word' id='word_1_460' title='bbox 1066 5027 1121 5077; x_wconf 86' lang='lat' dir='ltr'>filio</span> <span class='ocrx_word' id='word_1_461' title='bbox 1140 5027 1325 5091; x_wconf 85' lang='lat' dir='ltr'>Pythodoridis</span> <span class='ocrx_word' id='word_1_462' title='bbox 1342 5026 1434 5078; x_wconf 88' lang='lat' dir='ltr'>haberi</span> <span class='ocrx_word' id='word_1_463' title='bbox 1452 5039 1505 5075; x_wconf 91' lang='lat' dir='ltr'>non</span> 
     </span>
     <span class='ocr_line' id='line_1_44' title="bbox 114 5113 1505 5185; baseline -0.002 -16"><span class='ocrx_word' id='word_1_464' title='bbox 114 5134 117 5142; x_wconf 89' lang='lat'>·</span> <span class='ocrx_word' id='word_1_465' title='bbox 178 5123 262 5184; x_wconf 83' lang='lat' dir='ltr'>posse,</span> <span class='ocrx_word' id='word_1_466' title='bbox 281 5119 391 5170; x_wconf 81' lang='lat' dir='ltr'>fortasse</span> <span class='ocrx_word' id='word_1_467' title='bbox 409 5121 478 5170; x_wconf 88' lang='lat' dir='ltr'>inter</span> <span class='ocrx_word' id='word_1_468' title='bbox 496 5135 554 5170; x_wconf 90' lang='lat' dir='ltr'>eum</span> <span class='ocrx_word' id='word_1_469' title='bbox 572 5121 740 5185; x_wconf 87' lang='lat' dir='ltr'>ultimumque</span> <span class='ocrx_word' id='word_1_470' title='bbox 752 5120 920 5170; x_wconf 90' lang='lat' dir='ltr'>Polemonem</span> <span class='ocrx_word' id='word_1_471' title='bbox 932 5119 1134 5184; x_wconf 83' lang='lat' dir='ltr'>interponendas</span> <span class='ocrx_word' id='word_1_472' title='bbox 1147 5126 1185 5170; x_wconf 89' lang='lat' dir='ltr'>est</span> <span class='ocrx_word' id='word_1_473' title='bbox 1197 5113 1306 5170; x_wconf 86' lang='lat' dir='ltr'>Polemo</span> <span class='ocrx_word' id='word_1_474' title='bbox 1319 5116 1505 5182; x_wconf 87' lang='lat' dir='ltr'>Pythodoridis</span> 
     </span>
     <span class='ocr_line' id='line_1_45' title="bbox 180 5207 1506 5278; baseline -0.004 -18"><span class='ocrx_word' id='word_1_475' title='bbox 180 5209 246 5262; x_wconf 86' lang='lat' dir='ltr'>lilius</span> <span class='ocrx_word' id='word_1_476' title='bbox 265 5211 349 5262; x_wconf 86' lang='lat' dir='ltr'>maior</span> <span class='ocrx_word' id='word_1_477' title='bbox 367 5212 404 5274; x_wconf 84' lang='lat' dir='ltr'>is,</span> <span class='ocrx_word' id='word_1_478' title='bbox 429 5227 505 5277; x_wconf 90' lang='lat' dir='ltr'>quem</span> <span class='ocrx_word' id='word_1_479' title='bbox 523 5212 682 5278; x_wconf 82' lang='lat' dir='ltr'>aliquamdiu</span> <span class='ocrx_word' id='word_1_480' title='bbox 706 5227 764 5262; x_wconf 85' lang='lat' dir='ltr'>cum</span> <span class='ocrx_word' id='word_1_481' title='bbox 782 5217 864 5262; x_wconf 83' lang='lat' dir='ltr'>matre</span> <span class='ocrx_word' id='word_1_482' title='bbox 882 5223 990 5275; x_wconf 84' lang='lat' dir='ltr'>regnum</span> <span class='ocrx_word' id='word_1_483' title='bbox 1009 5211 1201 5262; x_wconf 86' lang='lat' dir='ltr'>administrasse</span> <span class='ocrx_word' id='word_1_484' title='bbox 1220 5211 1314 5264; x_wconf 83' lang='lat' dir='ltr'>Strabo</span> <span class='ocrx_word' id='word_1_485' title='bbox 1334 5209 1430 5261; x_wconf 87' lang='lat' dir='ltr'>scribit.</span> <span class='ocrx_word' id='word_1_486' title='bbox 1468 5207 1506 5256; x_wconf 83' lang='lat' dir='ltr'>At</span> 
     </span>
     <span class='ocr_line' id='line_1_46' title="bbox 181 5283 1505 5369; baseline -0.003 -15"><span class='ocrx_word' id='word_1_487' title='bbox 181 5317 242 5354; x_wconf 84' lang='lat' dir='ltr'>cum</span> <span class='ocrx_word' id='word_1_488' title='bbox 253 5283 348 5358; x_wconf 81' lang='lat' dir='ltr'>Strabo</span> <span class='ocrx_word' id='word_1_489' title='bbox 368 5304 496 5369; x_wconf 85' lang='lat' dir='ltr'>significet</span> <span class='ocrx_word' id='word_1_490' title='bbox 514 5318 573 5355; x_wconf 89' lang='lat' dir='ltr'>enm</span> <span class='ocrx_word' id='word_1_491' title='bbox 591 5311 674 5357; x_wconf 84' lang='lat' dir='ltr'>matre</span> <span class='ocrx_word' id='word_1_492' title='bbox 691 5305 751 5355; x_wconf 85' lang='lat' dir='ltr'>vira</span> <span class='ocrx_word' id='word_1_493' title='bbox 769 5317 876 5368; x_wconf 79' lang='lat' dir='ltr'>regnum</span> <span class='ocrx_word' id='word_1_494' title='bbox 894 5319 952 5356; x_wconf 85' lang='lat' dir='ltr'>cum</span> <span class='ocrx_word' id='word_1_495' title='bbox 972 5317 1004 5355; x_wconf 85' lang='lat' dir='ltr'>ea</span> <span class='ocrx_word' id='word_1_496' title='bbox 1022 5303 1203 5356; x_wconf 75' lang='lat' dir='ltr'>administrare</span> <span class='ocrx_word' id='word_1_497' title='bbox 1216 5303 1332 5368; x_wconf 84' lang='lat' dir='ltr'>desiisse,</span> <span class='ocrx_word' id='word_1_498' title='bbox 1350 5300 1433 5367; x_wconf 78' lang='lat' dir='ltr'>magis</span> <span class='ocrx_word' id='word_1_499' title='bbox 1451 5311 1505 5348; x_wconf 82' lang='lat' dir='ltr'>ore·</span> 
     </span>
    </p>
   </div>
   <div class='ocr_carea' id='block_1_7' title="bbox 0 0 1814 6080">
    <p class='ocr_par' dir='ltr' id='par_1_7' title="bbox 0 0 1814 6080">
     <span class='ocr_line' id='line_1_47' title="bbox 0 0 1814 6080; baseline 0 0"><span class='ocrx_word' id='word_1_500' title='bbox 0 0 1814 6080; x_wconf 95' lang='lat' dir='ltr'> </span> 
     </span>
    </p>
   </div>
  </div>
 </body>
</html>
