3568 6070
515 703 684 756 uvuoraa
702 706 942 760 cousvuarua.
1322 701 1393 772 191

86 799 1395 830 Ἢ

86 868 208 928 Tacitum
238 871 413 932 referentem
445 870 482 933 de
511 871 630 934 Galbae
662 879 870 938 consulatuum
901 881 1089 942 ordinatione
1116 886 1154 944 ab
1184 886 1303 947 Othone
1334 909 1395 950 non

84 979 185 1030 runata
213 973 334 1032 nomina
361 976 501 1051 posuisse
528 995 589 1036 non
615 979 746 1038 omnium
775 981 933 1041 consulum
962 1003 981 1042 a
1010 981 1110 1045 Galba
1137 994 1189 1046 aut
1214 997 1395 1052 retentorum

84 1079 127 1129 aut
151 1081 326 1147 creatorum,
356 1073 410 1134 sed
437 1095 473 1135 ea
500 1086 612 1136 tanturn
641 1080 797 1140 consulum
824 1083 911 1159 paria
938 1087 1125 1161 enuntiasse,
1154 1109 1230 1166 quae
1260 1110 1329 1150 vere
1356 1093 1395 1151 ad

83 1173 209 1231 honorem
235 1184 342 1250 postea
367 1179 591 1253 pervenissent,
619 1176 735 1257 reliqua
763 1183 820 1260 sub
847 1193 1011 1246 ceterorum
1033 1189 1180 1248 vocabulo
1207 1192 1394 1267 significasse

81 1282 246 1334 contentum.
290 1277 398 1354 Itaque
421 1276 520 1339 Galba
546 1299 656 1340 annum
677 1283 721 1342 ita
742 1283 907 1360 distribuit,
937 1296 969 1346 ut
989 1297 1060 1366 post
1080 1291 1208 1366 primum
1229 1293 1394 1354 nundinum

81 1375 284 1450 quadrimestre
305 1387 499 1454 sequerentur
520 1381 676 1441 bimestris
696 1392 848 1460 quattuor,
870 1387 1009 1466 deditque
1023 1391 1137 1452 Maium
1158 1399 1188 1450 et
1206 1393 1323 1453 Iunium
1339 1392 1393 1454 Sa·

80 1475 156 1549 binis,
175 1476 284 1537 lulium
307 1489 337 1538 et
356 1482 529 1560 Augustum
554 1483 706 1544 Antonino
728 1495 758 1544 et
780 1485 882 1560 Celso,
904 1487 1119 1568 Septembrem,
1143 1491 1314 1567 Octobrem,
1329 1493 1393 1554 No-

79 1576 222 1651 uembrem,
244 1579 441 1642 Decembrem
464 1583 566 1644 divisit
587 1587 665 1644 inter
685 1587 835 1648 Marinum
856 1591 992 1651 Macrum
1014 1592 1137 1653 Castam
1161 1596 1302 1654 Atticum.

147 1675 215 1739 ‘lam
241 1669 397 1742 videamus
424 1684 461 1744 de
477 1684 612 1746 Vitellio.
656 1685 827 1749 Secundum
855 1711 891 1750 ea
917 1711 994 1769 quae
1020 1695 1152 1754 diximus
1179 1705 1299 1756 constat
1324 1717 1393 1756 eum

79 1779 223 1841 retinuisse
250 1803 290 1842 ex
317 1784 474 1845 destinatis
501 1805 519 1844 a
542 1786 641 1848 Galba
662 1773 793 1850 Sabinos
814 1793 904 1866 duos,
926 1795 1126 1868 Antoninum,
1150 1795 1291 1870 Celsum,
1312 1799 1392 1858 Atti-

78 1899 146 1953 cum,
169 1883 281 1944 honore
309 1885 459 1965 depulisse
484 1889 649 1961 Marinum,
678 1891 827 1965 Macrum,
850 1892 984 1955 Castam.
1028 1897 1097 1973 lpse
1125 1897 1295 1975 designavit
1320 1917 1391 1958 con-

78 1981 146 2040 sules
166 1995 308 2060 quattuor
323 1987 491 2063 Valentem,
515 1989 684 2064 Caecinam,
708 1991 892 2070 Simplicem,
914 1996 1072 2074 Regulum.
1116 1998 1157 2056 Et
1182 1999 1218 2058 de
1240 2000 1302 2058 illis
1325 1999 1391 2076 qui·

77 2083 133 2142 dem
159 2087 200 2145 sic
227 2089 271 2147 ait
299 2085 423 2150 Tacitus
449 2091 482 2164 2,
505 2093 557 2150 71:
590 2101 621 2151 ot
644 2089 759 2154 Valenti
785 2103 812 2154 ct
840 2095 980 2156 Caecinae
1007 2118 1113 2159 uacuos
1142 2101 1255 2160 lionoris
1283 2119 1391 2160 menses

76 2189 193 2259 aperiret,
214 2195 338 2250 coarma'
358 2192 482 2250 aliorum
503 2193 683 2253 coaretatur:
711 2197 908 2257 dissimulatus
929 2199 1029 2257 Marci
1050 2199 1151 2260 Macri
1288 2213 1315 2261 et
1333 2201 1391 2262 Ve-

77 2285 161 2346 terium
173 2289 323 2350 Marinum
345 2291 515 2352 destinatum
535 2315 555 2354 a
573 2295 669 2355 Galba
691 2299 802 2357 distulit
913 2301 1058 2359 Pedanius
1073 2302 1160 2361 Costa
1181 2306 1319 2362 omittitur

77 2387 117 2446 Ad
135 2387 305 2468 Simplicem
332 2396 412 2470 quod
438 2397 558 2468 attinet,
585 2398 628 2456 sic
656 2397 734 2457 idem
757 2397 806 2475 (2,
822 2400 890 2477 60):
917 2402 1018 2460 Mario
1043 2402 1122 2462 Celso
1144 2404 1308 2463 consulatur
1329 2421 1390 2462 ser-

76 2499 153 2561 catur,
179 2495 229 2551 scd
253 2497 392 2554 creditum
411 2500 499 2574 sema
519 2499 709 2574 obiectumque
730 2519 795 2559 racc
815 2505 846 2559 ia
867 2511 968 2561 senatu
989 2502 1113 2562 Caecilio
1136 2503 1284 2580 Simplici,
1313 2506 1392 2581 quod

75 2608 125 2648 cam
148 2592 276 2655 tanmem
301 2601 427 2672 pecunia
452 2604 574 2658 mercuri
599 2617 649 2659 aec
672 2604 733 2658 sine
754 2606 838 2661 esitio
862 2604 938 2664 Celsi
958 2604 1109 2664 coluisset:
1135 2609 1238 2665 ratiti
1260 2605 1389 2666 Vitellius

75 2692 189 2769 deditque
204 2708 311 2772 postea
331 2701 509 2760 consulatum
523 2701 656 2778 Simplici
677 2701 821 2761 inaurium
843 2714 869 2762 et
888 2709 1047 2782 inemptum.
1084 2705 1223 2782 Denique
1242 2707 1279 2764 de
1294 2705 1389 2764 Rusio

74 2792 175 2871 Regulo
196 2798 226 2857 in
248 2799 351 2858 locum
374 2798 523 2862 Caecinae
545 2803 668 2863 consule
690 2805 778 2863 unius
799 2805 859 2864 diei
880 2806 957 2866 idem
980 2808 1072 2866 refert
1093 2809 1122 2881 3,
1139 2801 1188 2866 37.
1206 2841 1242 2851 -
1273 2805 1390 2880 Quibus

74 2893 163 2956 diebus
187 2897 328 2960 consules
343 2901 497 2962 Vitelliani
522 2904 657 2977 inierint,
684 2916 821 2982 superest
846 2917 880 2966 ut
907 2917 1103 2986 exponamus.
1148 2907 1269 2970 Sabinis
1297 2925 1389 2984 supra

74 2995 183 3059 vidimus
204 3021 223 3060 a
238 2999 341 3062 Galba
362 3003 528 3065 destinatos
549 3007 644 3066 fuisse
666 3025 784 3067 menses
799 3009 913 3067 Maium
934 3017 965 3068 et
985 3011 1114 3082 Iunium,
1136 3009 1190 3069 sed
1210 3011 1314 3069 iniisse
1335 3025 1388 3067 eos

72 3110 128 3158 ante
147 3111 264 3181 tempus
288 3123 390 3163 rnense
405 3107 505 3184 Aprili
526 3108 624 3167 medio
645 3117 831 3182 extremovc3
853 3131 924 3169 nurn
947 3120 1016 3170 ante
1037 3111 1115 3171 diem
1138 3131 1157 3169 a
1173 3110 1272 3170 Galba
1292 3110 1390 3169 deter-

72 3199 196 3263 minatum
217 3205 337 3265 honore
358 3207 486 3268 abierint
507 3227 608 3282 necne,
630 3229 690 3269 non
707 3211 843 3270 traditur.
882 3211 1114 3272 Successoribus
1130 3210 1310 3272 Sabinorum
1325 3212 1388 3269 An·

72 3303 159 3363 tonino
180 3315 208 3365 et
229 3305 324 3368 Celso
345 3309 489 3370 honorem
502 3295 679 3372 'servavisse
695 3311 851 3371 Vitellium
874 3319 1007 3384 cousmt,
1029 3329 1148 3372 menses
1168 3313 1275 3372 iisdem
1297 3312 1386 3372 desti·

72 3413 144 3464 natos
168 3427 226 3467 non
253 3410 433 3470 servavisse.
476 3411 557 3471 Nam
580 3411 740 3472 Caecinam
762 3421 791 3471 et
812 3412 971 3472 Valentem
992 3414 1035 3472 ita
1055 3413 1087 3472 in
1108 3413 1242 3473 ordinem
1264 3414 1387 3489 recepit,

72 3512 97 3562 ut
118 3525 212 3568 eorum
238 3507 336 3570 causa
361 3512 490 3572 aliorum
518 3515 692 3574 consulatus
715 3521 873 3584 coartaret,
902 3514 979 3574 alios
1001 3516 1113 3574 honore
1135 3515 1277 3590 privaret.
1320 3514 1386 3572 Iam

70 3625 125 3666 cum
148 3621 266 3672 constet
291 3615 481 3674 consulatum
508 3616 546 3674 iis
574 3615 676 3674 datum
702 3633 769 3674 esse
795 3615 825 3674 in
852 3617 882 3673 k.
910 3614 1098 3675 Novembres
1126 3615 1209 3693 (nam
1237 3613 1386 3700 Caecinae

70 3726 124 3767 cum
149 3713 244 3772 honor
274 3715 490 3793 abrogabatur,
524 3735 600 3776 unus
629 3707 694 3776 dies
723 3704 787 3776 eius
816 3717 962 3792 superfuit
990 3717 1067 3794 prid.
1096 3718 1127 3777 la
1155 3715 1232 3776 Nou.
1263 3723 1386 3775 auctore

70 3809 161 3872 Tacito
182 3817 211 3887 3,
227 3815 301 3892 37),
332 3825 456 3894 apparet
477 3827 510 3877 ut
529 3819 614 3877 locus
635 3819 673 3878 iis
693 3818 779 3879 fleret
800 3818 943 3894 expulsos
965 3835 1033 3877 esse
1055 3819 1165 3894 quibus
1189 3815 1290 3880 Galba
1311 3817 1384 3894 Sep-

69 3914 195 3976 tembrem
216 3923 249 3976 et
271 3916 431 3978 Octobrem
453 3920 630 3993 destinarat,
656 3928 730 3998 puta
750 3921 899 3980 Marinum
921 3927 951 3978 et
971 3920 1120 3992 Macrum3
1146 3921 1168 3980 ii
1190 3929 1289 3979 autem
1312 3939 1385 3996 quo-

69 4033 122 4072 rum
146 4018 242 4076 honor
269 4020 360 4078 simul
388 4022 593 4094 coartabatur,
625 4039 694 4080 esse
726 4041 785 4080 uon
817 4028 978 4098 potuerunt
1006 4021 1064 4082 nisi
1091 4021 1142 4097 qui
1167 4021 1388 4098 praecedebant

68 4115 222 4179 Antoninus
246 4128 276 4178 et
290 4119 406 4180 Celsus.
442 4121 550 4199 Neque
572 4123 760 4182 coartabatur
781 4123 845 4182 sine
867 4123 969 4200 aliqua
991 4123 1055 4182 sire
1077 4140 1169 4182 causa
1190 4121 1254 4182 sive
1268 4121 1382 4196 specie3
1490 4167 1495 4176 .

68 4237 124 4276 nam
145 4239 209 4280 cum
224 4218 328 4282 Sabini
351 4233 420 4282 ante
442 4232 559 4301 tempus
582 4224 787 4302 magistratum
809 4226 1004 4302 accepissent,
1026 4243 1086 4284 non
1106 4224 1208 4301 inique
1222 4231 1383 4301 potueruut

66 4317 148 4380 iuberi
169 4331 238 4383 ante
260 4330 376 4402 tempus
390 4343 459 4384 eum
474 4327 605 4385 eiurare:
627 4325 767 4402 idemque
782 4326 920 4385 similiter
933 4326 1014 4385 cadit
1028 4327 1059 4386 in
1074 4341 1264 4386 successores
1277 4323 1382 4402 proxi·

67 4439 130 4480 mos.
175 4423 276 4499 Quare
302 4427 353 4485 ubi
378 4427 518 4504 ponimus
545 4425 675 4488 Sabinos
701 4427 799 4487 fasces
825 4429 957 4504 gessisse
983 4445 1002 4486 a
1027 4445 1130 4486 mense
1156 4426 1256 4504 Aprili
1281 4424 1381 4484 medio

66 4532 128 4596 puta
151 4525 187 4584 ad
208 4527 356 4587 kalendas
377 4529 484 4588 idusve
505 4529 619 4600 lunias,
641 4529 827 4588 Antoninum
848 4535 879 4587 et
901 4527 1023 4588 Celsum
1045 4547 1065 4586 a
1084 4527 1223 4588 kalendis
1244 4525 1381 4586 idibusve

67 4626 149 4688 Iuniis
175 4633 212 4691 ad
241 4631 387 4690 kalendas
414 4629 519 4689 idusve
540 4632 708 4709 Augustas,
733 4628 945 4705 aperiebantur
966 4629 1086 4689 Valenti
1108 4635 1138 4686 et
1160 4626 1307 4687 Caecinae
1328 4634 1381 4686 aut

65 4727 115 4787 duo
135 4752 251 4793 menses
273 4753 341 4792 cum
362 4732 486 4791 dimidio
508 4742 561 4792 aut
582 4748 701 4791 menses
722 4731 830 4809 integri
852 4739 923 4804 tres,
946 4740 976 4790 et
997 4729 1041 4791 sic
1061 4737 1141 4790 recte
1161 4729 1264 4788 ,omnia
1283 4727 1379 4807 expli·

66 4841 166 4892 cantur.
202 4833 280 4895 Num
303 4851 356 4911 per
376 4853 495 4894 menses
510 4833 710 4894 Nouembrem
733 4841 763 4892 et
776 4832 974 4892 Decembrem
996 4837 1114 4891 constat
1135 4829 1232 4890 fasces
1247 4829 1378 4906 gessisse

65 4931 184 4994 Atticum
211 4957 229 4995 a
250 4935 349 4996 Galba
369 4936 477 5012 opinor
497 4936 677 4995 destinatum
700 4942 730 4994 et
752 4932 922 5011 Simplicem
943 4933 975 4992 in
996 4933 1094 4992 locum
1117 4931 1245 4990 fortasse
1267 4929 1378 4992 Costae

65 5053 79 5088 a
93 5034 209 5094 Vitellio
230 5033 441 5098 substitutum'.
1341 5121 1344 5130 Ι

137 5135 288 5198 Hactenus
313 5139 526 5200 Mommseaus.
575 5135 758 5200 Consulatus
784 5139 876 5215 igitur
901 5135 972 5196 suni
992 5135 1048 5208 69,
1074 5136 1100 5195 ei
1127 5135 1257 5196 vixisset
1282 5133 1376 5208 Nero,

64 5249 211 5299 semestres
231 5241 370 5301 ridentur
395 5240 487 5301 futuri
511 5240 614 5300 luisse.
660 5239 760 5302 Galba
780 5241 888 5318 partim
909 5237 1144 5316 quadrimestrea
1165 5237 1244 5308 fecit,
1266 5237 1375 5314 partim

63 5337 219 5416 bimestres,
240 5363 295 5404 uec
316 5345 444 5404 mumvit
463 5343 624 5437 quicquam
646 5343 737 5417 Otho,
760 5343 818 5402 nisi
839 5343 922 5421 quod
941 5343 972 5404 in
994 5343 1069 5403 duae
1090 5348 1190 5418 partes
1212 5337 1374 5400 nundinum
