<?xml version="1.0" encoding="UTF-8"?>
<!DOCTYPE html PUBLIC "-//W3C//DTD XHTML 1.0 Transitional//EN"
    "http://www.w3.org/TR/xhtml1/DTD/xhtml1-transitional.dtd">
<html xmlns="http://www.w3.org/1999/xhtml" xml:lang="en" lang="en">
 <head>
  <title>
</title>
<meta http-equiv="Content-Type" content="text/html;charset=utf-8" />
  <meta name='ocr-system' content='tesseract 3.04.00' />
  <meta name='ocr-capabilities' content='ocr_page ocr_carea ocr_par ocr_line ocrx_word'/>
</head>
<body>
  <div class='ocr_page' id='page_1' title='image "./ephemerisepigra12instgoog_0256.png"; bbox 0 0 3620 6080; ppageno 0'>
   <div class='ocr_carea' id='block_1_1' title="bbox 579 593 1441 666">
    <p class='ocr_par' dir='ltr' id='par_1_1' title="bbox 579 593 1441 666">
     <span class='ocr_line' id='line_1_1' title="bbox 579 593 1441 666; baseline 0.005 -13"><span class='ocrx_word' id='word_1_1' title='bbox 579 599 629 653; x_wconf 76' lang='lat' dir='ltr'><strong>DE</strong></span> <span class='ocrx_word' id='word_1_2' title='bbox 655 602 799 657; x_wconf 76' lang='lat' dir='ltr'><strong>mvnls</strong></span> <span class='ocrx_word' id='word_1_3' title='bbox 825 605 983 659; x_wconf 76' lang='lat' dir='ltr'><strong>A&#39;ITIOIS.</strong></span> <span class='ocrx_word' id='word_1_4' title='bbox 1368 593 1441 666; x_wconf 76' lang='lat'><strong>245</strong></span> 
     </span>
    </p>
   </div>
   <div class='ocr_carea' id='block_1_2' title="bbox 35 761 1488 4561">
    <p class='ocr_par' dir='ltr' id='par_1_2' title="bbox 114 761 1444 1030">
     <span class='ocr_line' id='line_1_2' title="bbox 114 761 1444 854; baseline 0.014 -27"><span class='ocrx_word' id='word_1_5' title='bbox 114 761 228 835; x_wconf 65' lang='grc' dir='ltr'><strong>Φάβιος</strong></span> <span class='ocrx_word' id='word_1_6' title='bbox 248 789 315 831; x_wconf 88' lang='lat' dir='ltr'><strong>esse</strong></span> <span class='ocrx_word' id='word_1_7' title='bbox 338 771 401 830; x_wconf 87' lang='lat' dir='ltr'><strong>veri</strong></span> <span class='ocrx_word' id='word_1_8' title='bbox 423 772 617 844; x_wconf 83' lang='lat' dir='ltr'><strong>simillimum,</strong></span> <span class='ocrx_word' id='word_1_9' title='bbox 643 774 770 834; x_wconf 87' lang='lat' dir='ltr'><strong>alterum</strong></span> <span class='ocrx_word' id='word_1_10' title='bbox 791 769 944 845; x_wconf 69' lang='grc' dir='ltr'><strong><em>Σεπτίμιος</em></strong></span> <span class='ocrx_word' id='word_1_11' title='bbox 964 777 1163 854; x_wconf 92' lang='lat' dir='ltr'><strong>supplendum</strong></span> <span class='ocrx_word' id='word_1_12' title='bbox 1190 795 1259 838; x_wconf 90' lang='lat' dir='ltr'><strong>esse</strong></span> <span class='ocrx_word' id='word_1_13' title='bbox 1279 791 1357 843; x_wconf 90' lang='lat' dir='ltr'><strong>certe</strong></span> <span class='ocrx_word' id='word_1_14' title='bbox 1383 805 1444 844; x_wconf 91' lang='grc'><strong>11011</strong></span> 
     </span>
     <span class='ocr_line' id='line_1_3' title="bbox 114 871 1444 960; baseline 0.011 -31"><span class='ocrx_word' id='word_1_15' title='bbox 114 871 313 948; x_wconf 74' lang='lat' dir='ltr'>improbabile</span> <span class='ocrx_word' id='word_1_16' title='bbox 341 879 396 932; x_wconf 85' lang='lat' dir='ltr'><strong>est.</strong></span> <span class='ocrx_word' id='word_1_17' title='bbox 445 871 494 931; x_wconf 90' lang='lat' dir='ltr'><strong>De</strong></span> <span class='ocrx_word' id='word_1_18' title='bbox 518 873 611 932; x_wconf 86' lang='lat' dir='ltr'><strong>totius</strong></span> <span class='ocrx_word' id='word_1_19' title='bbox 638 874 720 933; x_wconf 90' lang='lat' dir='ltr'><strong>tituli</strong></span> <span class='ocrx_word' id='word_1_20' title='bbox 747 874 883 934; x_wconf 75' lang='lat' dir='ltr'><strong>clausula</strong></span> <span class='ocrx_word' id='word_1_21' title='bbox 908 895 928 935; x_wconf 90' lang='lat' dir='ltr'><strong>a</strong></span> <span class='ocrx_word' id='word_1_22' title='bbox 954 895 1002 936; x_wconf 92' lang='lat' dir='ltr'><strong>me</strong></span> <span class='ocrx_word' id='word_1_23' title='bbox 1029 878 1168 955; x_wconf 89' lang='lat' dir='ltr'><strong>suppleta</strong></span> <span class='ocrx_word' id='word_1_24' title='bbox 1194 880 1269 940; x_wconf 87' lang='lat' dir='ltr'><strong>nihil</strong></span> <span class='ocrx_word' id='word_1_25' title='bbox 1294 887 1444 960; x_wconf 90' lang='lat' dir='ltr'><strong>estquod</strong></span> 
     </span>
     <span class='ocr_line' id='line_1_4' title="bbox 116 971 234 1030; baseline 0 0"><span class='ocrx_word' id='word_1_26' title='bbox 116 971 234 1030; x_wconf 87' lang='lat' dir='ltr'><strong>addam.</strong></span> 
     </span>
    </p>

    <p class='ocr_par' dir='ltr' id='par_1_3' title="bbox 35 1072 1488 3054">
     <span class='ocr_line' id='line_1_5' title="bbox 196 1072 1443 1163; baseline 0.012 -33"><span class='ocrx_word' id='word_1_27' title='bbox 196 1072 263 1132; x_wconf 90' lang='lat' dir='ltr'><strong>Iam</strong></span> <span class='ocrx_word' id='word_1_28' title='bbox 284 1072 321 1131; x_wconf 89' lang='lat' dir='ltr'><strong>de</strong></span> <span class='ocrx_word' id='word_1_29' title='bbox 343 1090 379 1131; x_wconf 90' lang='lat' dir='ltr'><strong>eo</strong></span> <span class='ocrx_word' id='word_1_30' title='bbox 401 1074 454 1150; x_wconf 93' lang='lat' dir='ltr'><strong>qui</strong></span> <span class='ocrx_word' id='word_1_31' title='bbox 474 1073 533 1132; x_wconf 92' lang='lat' dir='ltr'><strong>hoc</strong></span> <span class='ocrx_word' id='word_1_32' title='bbox 555 1073 642 1132; x_wconf 91' lang='lat' dir='ltr'><strong>titulo</strong></span> <span class='ocrx_word' id='word_1_33' title='bbox 663 1075 828 1134; x_wconf 78' lang='lat' dir='ltr'><strong>honoratur</strong></span> <span class='ocrx_word' id='word_1_34' title='bbox 846 1078 1057 1150; x_wconf 77' lang='lat' dir='ltr'><strong>quaerentibus</strong></span> <span class='ocrx_word' id='word_1_35' title='bbox 1072 1079 1202 1138; x_wconf 91' lang='lat' dir='ltr'><strong>occurrit</strong></span> <span class='ocrx_word' id='word_1_36' title='bbox 1218 1080 1358 1143; x_wconf 70' lang='grc'><strong>(1111111</strong></span> <span class='ocrx_word' id='word_1_37' title='bbox 1376 1085 1406 1144; x_wconf 79' lang='grc'><strong>0.</strong></span> <span class='ocrx_word' id='word_1_38' title='bbox 1415 1090 1443 1163; x_wconf 81' lang='lat' dir='ltr'><strong>s.</strong></span> 
     </span>
     <span class='ocr_line' id='line_1_6' title="bbox 115 1170 1445 1255; baseline 0.011 -25"><span class='ocrx_word' id='word_1_39' title='bbox 115 1170 283 1248; x_wconf 80' lang='lat' dir='ltr'><strong>Scapnlnia,</strong></span> <span class='ocrx_word' id='word_1_40' title='bbox 298 1173 382 1231; x_wconf 89' lang='lat' dir='ltr'><strong>cuius</strong></span> <span class='ocrx_word' id='word_1_41' title='bbox 397 1172 527 1232; x_wconf 81' lang='lat' dir='ltr'>honores</span> <span class='ocrx_word' id='word_1_42' title='bbox 542 1174 574 1232; x_wconf 91' lang='lat' dir='ltr'><strong>in</strong></span> <span class='ocrx_word' id='word_1_43' title='bbox 589 1173 705 1232; x_wconf 92' lang='lat' dir='ltr'><strong>duobus</strong></span> <span class='ocrx_word' id='word_1_44' title='bbox 721 1175 816 1234; x_wconf 91' lang='lat' dir='ltr'><strong>titulis</strong></span> <span class='ocrx_word' id='word_1_45' title='bbox 827 1176 995 1252; x_wconf 85' lang='lat' dir='ltr'><strong>Ancyranis</strong></span> <span class='ocrx_word' id='word_1_46' title='bbox 1012 1175 1046 1236; x_wconf 84' lang='lat' dir='ltr'><strong>O.</strong></span> <span class='ocrx_word' id='word_1_47' title='bbox 1061 1178 1088 1235; x_wconf 91' lang='lat'><strong>1.</strong></span> <span class='ocrx_word' id='word_1_48' title='bbox 1102 1175 1157 1237; x_wconf 87' lang='lat' dir='ltr'><strong>Gr.</strong></span> <span class='ocrx_word' id='word_1_49' title='bbox 1173 1177 1264 1238; x_wconf 78' lang='lat'><strong>4022.</strong></span> <span class='ocrx_word' id='word_1_50' title='bbox 1281 1179 1445 1255; x_wconf 64' lang='grc'><strong>11111110</strong></span> 
     </span>
     <span class='ocr_line' id='line_1_7' title="bbox 114 1271 1488 1360; baseline 0.005 -31"><span class='ocrx_word' id='word_1_51' title='bbox 114 1273 145 1330; x_wconf 91' lang='lat' dir='ltr'><strong>in</strong></span> <span class='ocrx_word' id='word_1_52' title='bbox 160 1271 375 1330; x_wconf 87' lang='lat' dir='ltr'><strong>Trachonitide</strong></span> <span class='ocrx_word' id='word_1_53' title='bbox 388 1280 518 1349; x_wconf 84' lang='lat' dir='ltr'><strong>reperto,</strong></span> <span class='ocrx_word' id='word_1_54' title='bbox 533 1290 622 1350; x_wconf 89' lang='lat' dir='ltr'><strong>quem</strong></span> <span class='ocrx_word' id='word_1_55' title='bbox 637 1273 865 1334; x_wconf 88' lang='lat' dir='ltr'><strong>Mordtmannus</strong></span> <span class='ocrx_word' id='word_1_56' title='bbox 880 1276 971 1334; x_wconf 85' lang='lat' dir='ltr'>edidit</span> <span class='ocrx_word' id='word_1_57' title='bbox 984 1276 1064 1336; x_wconf 91' lang='lat' dir='ltr'><strong>Mus.</strong></span> <span class='ocrx_word' id='word_1_58' title='bbox 1077 1277 1175 1337; x_wconf 85' lang='lat' dir='ltr'><strong>Rhen.</strong></span> <span class='ocrx_word' id='word_1_59' title='bbox 1189 1278 1319 1339; x_wconf 84' lang='lat' dir='ltr'>XXVII</span> <span class='ocrx_word' id='word_1_60' title='bbox 1331 1300 1362 1358; x_wconf 90' lang='lat' dir='ltr'><strong>p.</strong></span> <span class='ocrx_word' id='word_1_61' title='bbox 1377 1285 1447 1360; x_wconf 81' lang='lat'>149,</span> <span class='ocrx_word' id='word_1_62' title='bbox 1484 1328 1488 1336; x_wconf 91' lang='lat'><strong>.</strong></span> 
     </span>
     <span class='ocr_line' id='line_1_8' title="bbox 112 1357 1446 1462; baseline 0.01 -32"><span class='ocrx_word' id='word_1_63' title='bbox 112 1381 314 1432; x_wconf 77' lang='lat' dir='ltr'><strong>recensentur.</strong></span> <span class='ocrx_word' id='word_1_64' title='bbox 359 1371 494 1446; x_wconf 85' lang='lat' dir='ltr'><strong>Quorum</strong></span> <span class='ocrx_word' id='word_1_65' title='bbox 516 1357 1009 1451; x_wconf 63' lang='grc'><strong>111110111011111101010301001,</strong></span> <span class='ocrx_word' id='word_1_66' title='bbox 1034 1377 1088 1436; x_wconf 88' lang='lat' dir='ltr'><strong>sed</strong></span> <span class='ocrx_word' id='word_1_67' title='bbox 1110 1396 1149 1436; x_wconf 86' lang='lat' dir='ltr'><strong>ex</strong></span> <span class='ocrx_word' id='word_1_68' title='bbox 1170 1380 1308 1439; x_wconf 87' lang='lat' dir='ltr'><strong>omnibus</strong></span> <span class='ocrx_word' id='word_1_69' title='bbox 1330 1383 1446 1462; x_wconf 86' lang='lat' dir='ltr'><strong>integra</strong></span> 
     </span>
     <span class='ocr_line' id='line_1_9' title="bbox 113 1473 1446 1559; baseline 0.011 -29"><span class='ocrx_word' id='word_1_70' title='bbox 113 1473 264 1532; x_wconf 91' lang='lat' dir='ltr'><strong>honorum</strong></span> <span class='ocrx_word' id='word_1_71' title='bbox 279 1473 373 1532; x_wconf 89' lang='lat' dir='ltr'><strong>series</strong></span> <span class='ocrx_word' id='word_1_72' title='bbox 389 1473 586 1549; x_wconf 82' lang='lat' dir='ltr'><strong>componitur.</strong></span> <span class='ocrx_word' id='word_1_73' title='bbox 612 1473 714 1548; x_wconf 88' lang='lat' dir='ltr'><strong>Atque</strong></span> <span class='ocrx_word' id='word_1_74' title='bbox 728 1474 850 1531; x_wconf 88' lang='lat' dir='ltr'><strong>nomina</strong></span> <span class='ocrx_word' id='word_1_75' title='bbox 864 1475 984 1550; x_wconf 91' lang='lat' dir='ltr'><strong>quidem</strong></span> <span class='ocrx_word' id='word_1_76' title='bbox 999 1476 1088 1553; x_wconf 93' lang='lat' dir='ltr'><strong>plane</strong></span> <span class='ocrx_word' id='word_1_77' title='bbox 1103 1477 1206 1537; x_wconf 87' lang='lat' dir='ltr'><strong>eadem</strong></span> <span class='ocrx_word' id='word_1_78' title='bbox 1222 1489 1300 1555; x_wconf 90' lang='lat' dir='ltr'><strong>sunt,</strong></span> <span class='ocrx_word' id='word_1_79' title='bbox 1312 1493 1446 1559; x_wconf 90' lang='lat' dir='ltr'><strong>praeter·</strong></span> 
     </span>
     <span class='ocr_line' id='line_1_10' title="bbox 112 1573 1445 1653; baseline 0.011 -23"><span class='ocrx_word' id='word_1_80' title='bbox 112 1591 205 1649; x_wconf 89' lang='lat' dir='ltr'><strong>quam</strong></span> <span class='ocrx_word' id='word_1_81' title='bbox 227 1573 309 1648; x_wconf 93' lang='lat' dir='ltr'><strong>quod</strong></span> <span class='ocrx_word' id='word_1_82' title='bbox 329 1573 361 1630; x_wconf 93' lang='lat' dir='ltr'><strong>in</strong></span> <span class='ocrx_word' id='word_1_83' title='bbox 382 1579 486 1632; x_wconf 86' lang='lat' dir='ltr'><strong>nostro</strong></span> <span class='ocrx_word' id='word_1_84' title='bbox 512 1573 601 1632; x_wconf 86' lang='lat' dir='ltr'><strong>titulo</strong></span> <span class='ocrx_word' id='word_1_85' title='bbox 626 1589 790 1650; x_wconf 83' lang='lat' dir='ltr'><strong>cognomen</strong></span> <span class='ocrx_word' id='word_1_86' title='bbox 812 1577 883 1633; x_wconf 79' lang='grc' dir='ltr'><strong>Φ...</strong></span> <span class='ocrx_word' id='word_1_87' title='bbox 906 1575 1040 1648; x_wconf 86' lang='lat' dir='ltr'><strong>additur,</strong></span> <span class='ocrx_word' id='word_1_88' title='bbox 1068 1594 1128 1653; x_wconf 90' lang='lat' dir='ltr'><strong>quo</strong></span> <span class='ocrx_word' id='word_1_89' title='bbox 1155 1578 1201 1636; x_wconf 92' lang='lat' dir='ltr'><strong>illi</strong></span> <span class='ocrx_word' id='word_1_90' title='bbox 1229 1589 1340 1640; x_wconf 80' lang='lat' dir='ltr'><strong>carent</strong></span> <span class='ocrx_word' id='word_1_91' title='bbox 1384 1582 1445 1644; x_wconf 87' lang='lat' dir='ltr'><strong>Sed</strong></span> 
     </span>
     <span class='ocr_line' id='line_1_11' title="bbox 35 1665 1445 1752; baseline 0.01 -23"><span class='ocrx_word' id='word_1_92' title='bbox 35 1665 44 1676; x_wconf 54' lang='lat'>⁸</span> <span class='ocrx_word' id='word_1_93' title='bbox 113 1690 212 1748; x_wconf 88' lang='lat' dir='ltr'><strong>neque</strong></span> <span class='ocrx_word' id='word_1_94' title='bbox 234 1673 346 1750; x_wconf 85' lang='lat' dir='ltr'><strong>singoli</strong></span> <span class='ocrx_word' id='word_1_95' title='bbox 367 1674 498 1732; x_wconf 88' lang='lat' dir='ltr'><strong>honores</strong></span> <span class='ocrx_word' id='word_1_96' title='bbox 521 1673 580 1733; x_wconf 91' lang='lat' dir='ltr'><strong>sibi</strong></span> <span class='ocrx_word' id='word_1_97' title='bbox 600 1672 784 1750; x_wconf 89' lang='lat' dir='ltr'><strong>respondent</strong></span> <span class='ocrx_word' id='word_1_98' title='bbox 804 1691 901 1749; x_wconf 89' lang='lat' dir='ltr'><strong>neque</strong></span> <span class='ocrx_word' id='word_1_99' title='bbox 923 1682 1089 1752; x_wconf 88' lang='lat' dir='ltr'><strong>temporum</strong></span> <span class='ocrx_word' id='word_1_100' title='bbox 1110 1679 1252 1738; x_wconf 89' lang='lat' dir='ltr'><strong>rationes.</strong></span> <span class='ocrx_word' id='word_1_101' title='bbox 1288 1681 1345 1739; x_wconf 88' lang='lat' dir='ltr'><strong>Ille</strong></span> <span class='ocrx_word' id='word_1_102' title='bbox 1366 1685 1445 1744; x_wconf 91' lang='lat' dir='ltr'><strong>enim</strong></span> 
     </span>
     <span class='ocr_line' id='line_1_12' title="bbox 114 1769 1446 1854; baseline 0.01 -23"><span class='ocrx_word' id='word_1_103' title='bbox 114 1769 251 1850; x_wconf 81' lang='lat' dir='ltr'><strong>Scapula</strong></span> <span class='ocrx_word' id='word_1_104' title='bbox 271 1779 342 1848; x_wconf 88' lang='lat' dir='ltr'><strong>post</strong></span> <span class='ocrx_word' id='word_1_105' title='bbox 362 1780 531 1849; x_wconf 88' lang='lat' dir='ltr'><strong>praeturam</strong></span> <span class='ocrx_word' id='word_1_106' title='bbox 552 1781 582 1830; x_wconf 88' lang='lat' dir='ltr'><strong>et</strong></span> <span class='ocrx_word' id='word_1_107' title='bbox 603 1773 845 1849; x_wconf 86' lang='lat' dir='ltr'><strong>proconsulatum</strong></span> <span class='ocrx_word' id='word_1_108' title='bbox 860 1775 994 1833; x_wconf 88' lang='lat' dir='ltr'><strong>Achaiae</strong></span> <span class='ocrx_word' id='word_1_109' title='bbox 1014 1776 1130 1852; x_wconf 88' lang='lat' dir='ltr'><strong>legatus</strong></span> <span class='ocrx_word' id='word_1_110' title='bbox 1151 1795 1208 1853; x_wconf 91' lang='lat' dir='ltr'><strong>pro</strong></span> <span class='ocrx_word' id='word_1_111' title='bbox 1228 1787 1367 1854; x_wconf 90' lang='lat' dir='ltr'><strong>praetore</strong></span> <span class='ocrx_word' id='word_1_112' title='bbox 1379 1783 1446 1844; x_wconf 86' lang='lat' dir='ltr'><strong>Ha·</strong></span> 
     </span>
     <span class='ocr_line' id='line_1_13' title="bbox 115 1872 1444 1958; baseline 0.009 -27"><span class='ocrx_word' id='word_1_113' title='bbox 115 1875 218 1932; x_wconf 73' lang='lat' dir='ltr'><strong>artant</strong></span> <span class='ocrx_word' id='word_1_114' title='bbox 238 1873 429 1950; x_wconf 87' lang='lat' dir='ltr'><strong>imperatoris</strong></span> <span class='ocrx_word' id='word_1_115' title='bbox 451 1873 517 1944; x_wconf 83' lang='lat' dir='ltr'><strong>tuit,</strong></span> <span class='ocrx_word' id='word_1_116' title='bbox 538 1872 587 1930; x_wconf 92' lang='lat' dir='ltr'><strong>hic</strong></span> <span class='ocrx_word' id='word_1_117' title='bbox 608 1873 667 1931; x_wconf 90' lang='lat' dir='ltr'><strong>iam</strong></span> <span class='ocrx_word' id='word_1_118' title='bbox 682 1881 874 1948; x_wconf 88' lang='lat' dir='ltr'><strong>quaesturam</strong></span> <span class='ocrx_word' id='word_1_119' title='bbox 889 1873 1031 1933; x_wconf 78' lang='lat' dir='ltr'><strong>Antonino</strong></span> <span class='ocrx_word' id='word_1_120' title='bbox 1045 1877 1100 1936; x_wconf 88' lang='lat' dir='ltr'><strong>Pio</strong></span> <span class='ocrx_word' id='word_1_121' title='bbox 1114 1877 1279 1954; x_wconf 86' lang='lat' dir='ltr'><strong>imperante</strong></span> <span class='ocrx_word' id='word_1_122' title='bbox 1299 1893 1444 1958; x_wconf 83' lang='lat' dir='ltr'><strong>gesserat.</strong></span> 
     </span>
     <span class='ocr_line' id='line_1_14' title="bbox 113 1972 1443 2052; baseline 0.007 -21"><span class='ocrx_word' id='word_1_123' title='bbox 113 1974 157 2031; x_wconf 86' lang='lat' dir='ltr'><strong>At</strong></span> <span class='ocrx_word' id='word_1_124' title='bbox 186 1973 273 2032; x_wconf 91' lang='lat' dir='ltr'><strong>illum</strong></span> <span class='ocrx_word' id='word_1_125' title='bbox 300 1973 391 2032; x_wconf 90' lang='lat' dir='ltr'><strong>huius</strong></span> <span class='ocrx_word' id='word_1_126' title='bbox 418 1980 534 2049; x_wconf 90' lang='lat' dir='ltr'><strong>patrem</strong></span> <span class='ocrx_word' id='word_1_127' title='bbox 555 1972 652 2032; x_wconf 87' lang='lat' dir='ltr'><strong>fuisse</strong></span> <span class='ocrx_word' id='word_1_128' title='bbox 680 1972 842 2032; x_wconf 88' lang='lat' dir='ltr'><strong>verisimile</strong></span> <span class='ocrx_word' id='word_1_129' title='bbox 871 1992 905 2032; x_wconf 93' lang='lat' dir='ltr'><strong>ac</strong></span> <span class='ocrx_word' id='word_1_130' title='bbox 925 1993 1021 2052; x_wconf 87' lang='lat' dir='ltr'><strong>paene</strong></span> <span class='ocrx_word' id='word_1_131' title='bbox 1049 1985 1162 2036; x_wconf 89' lang='lat' dir='ltr'><strong>certum</strong></span> <span class='ocrx_word' id='word_1_132' title='bbox 1184 1983 1239 2038; x_wconf 91' lang='lat' dir='ltr'><strong>est.</strong></span> <span class='ocrx_word' id='word_1_133' title='bbox 1282 1978 1361 2040; x_wconf 86' lang='lat' dir='ltr'><strong>Nam</strong></span> <span class='ocrx_word' id='word_1_134' title='bbox 1382 2000 1443 2042; x_wconf 92' lang='lat' dir='ltr'><strong>nou</strong></span> 
     </span>
     <span class='ocr_line' id='line_1_15' title="bbox 114 2072 1447 2154; baseline 0.007 -22"><span class='ocrx_word' id='word_1_135' title='bbox 114 2072 216 2132; x_wconf 90' lang='lat' dir='ltr'><strong>solum</strong></span> <span class='ocrx_word' id='word_1_136' title='bbox 241 2073 364 2132; x_wconf 91' lang='lat' dir='ltr'><strong>nomina</strong></span> <span class='ocrx_word' id='word_1_137' title='bbox 390 2081 421 2131; x_wconf 89' lang='lat' dir='ltr'><strong>et</strong></span> <span class='ocrx_word' id='word_1_138' title='bbox 448 2081 616 2149; x_wconf 90' lang='lat' dir='ltr'><strong>temporum</strong></span> <span class='ocrx_word' id='word_1_139' title='bbox 643 2073 776 2132; x_wconf 90' lang='lat' dir='ltr'><strong>rationes</strong></span> <span class='ocrx_word' id='word_1_140' title='bbox 810 2092 845 2131; x_wconf 91' lang='lat' dir='ltr'><strong>eo</strong></span> <span class='ocrx_word' id='word_1_141' title='bbox 873 2074 995 2146; x_wconf 84' lang='lat' dir='ltr'><strong>ducunt,</strong></span> <span class='ocrx_word' id='word_1_142' title='bbox 1032 2076 1085 2135; x_wconf 92' lang='lat' dir='ltr'><strong>sed</strong></span> <span class='ocrx_word' id='word_1_143' title='bbox 1121 2076 1182 2135; x_wconf 90' lang='lat' dir='ltr'><strong>alia</strong></span> <span class='ocrx_word' id='word_1_144' title='bbox 1206 2079 1328 2154; x_wconf 81' lang='lat' dir='ltr'><strong>gravior</strong></span> <span class='ocrx_word' id='word_1_145' title='bbox 1354 2099 1447 2141; x_wconf 89' lang='lat' dir='ltr'><strong>causa</strong></span> 
     </span>
     <span class='ocr_line' id='line_1_16' title="bbox 113 2170 1446 2258; baseline 0.006 -26"><span class='ocrx_word' id='word_1_146' title='bbox 113 2174 245 2234; x_wconf 84' lang='lat' dir='ltr'><strong>accedit:</strong></span> <span class='ocrx_word' id='word_1_147' title='bbox 274 2170 308 2233; x_wconf 85' lang='lat'><strong>0.</strong></span> <span class='ocrx_word' id='word_1_148' title='bbox 323 2171 420 2233; x_wconf 89' lang='lat' dir='ltr'><strong>Iulius</strong></span> <span class='ocrx_word' id='word_1_149' title='bbox 443 2171 575 2250; x_wconf 87' lang='lat' dir='ltr'><strong>Scapula</strong></span> <span class='ocrx_word' id='word_1_150' title='bbox 595 2173 695 2232; x_wconf 90' lang='lat' dir='ltr'><strong>iunior</strong></span> <span class='ocrx_word' id='word_1_151' title='bbox 714 2183 776 2232; x_wconf 92' lang='lat' dir='ltr'><strong>tum</strong></span> <span class='ocrx_word' id='word_1_152' title='bbox 796 2192 862 2232; x_wconf 93' lang='lat' dir='ltr'><strong>cum</strong></span> <span class='ocrx_word' id='word_1_153' title='bbox 884 2174 990 2234; x_wconf 92' lang='lat' dir='ltr'><strong>titulus</strong></span> <span class='ocrx_word' id='word_1_154' title='bbox 1004 2182 1164 2254; x_wconf 87' lang='lat' dir='ltr'><strong>poneretur</strong></span> <span class='ocrx_word' id='word_1_155' title='bbox 1184 2176 1290 2238; x_wconf 88' lang='lat' dir='ltr'><strong>aedilis</strong></span> <span class='ocrx_word' id='word_1_156' title='bbox 1308 2179 1446 2258; x_wconf 88' lang='lat' dir='ltr'><strong>designa-</strong></span> 
     </span>
     <span class='ocr_line' id='line_1_17' title="bbox 113 2274 1446 2358; baseline 0.008 -27"><span class='ocrx_word' id='word_1_157' title='bbox 113 2283 164 2332; x_wconf 88' lang='lat' dir='ltr'><strong>tus</strong></span> <span class='ocrx_word' id='word_1_158' title='bbox 192 2280 274 2347; x_wconf 89' lang='lat' dir='ltr'><strong>erat,</strong></span> <span class='ocrx_word' id='word_1_159' title='bbox 302 2281 494 2350; x_wconf 84' lang='lat' dir='ltr'><strong>quaesturam</strong></span> <span class='ocrx_word' id='word_1_160' title='bbox 515 2280 615 2332; x_wconf 87' lang='lat' dir='ltr'><strong>autem</strong></span> <span class='ocrx_word' id='word_1_161' title='bbox 643 2274 903 2332; x_wconf 84' lang='lat' dir='ltr'><strong>administraverat</strong></span> <span class='ocrx_word' id='word_1_162' title='bbox 929 2293 990 2332; x_wconf 92' lang='lat' dir='ltr'><strong>non</strong></span> <span class='ocrx_word' id='word_1_163' title='bbox 1015 2276 1246 2353; x_wconf 85' lang='lat' dir='ltr'><strong>provincialem,</strong></span> <span class='ocrx_word' id='word_1_164' title='bbox 1278 2279 1331 2338; x_wconf 88' lang='lat' dir='ltr'><strong>sed</strong></span> <span class='ocrx_word' id='word_1_165' title='bbox 1351 2282 1446 2358; x_wconf 90' lang='lat' dir='ltr'><strong>impe·</strong></span> 
     </span>
     <span class='ocr_line' id='line_1_18' title="bbox 112 2371 1445 2454; baseline 0.007 -21"><span class='ocrx_word' id='word_1_166' title='bbox 112 2373 238 2434; x_wconf 86' lang='lat' dir='ltr'><strong>ratoris.</strong></span> <span class='ocrx_word' id='word_1_167' title='bbox 283 2371 383 2446; x_wconf 84' lang='lat' dir='ltr'><strong>Quare</strong></span> <span class='ocrx_word' id='word_1_168' title='bbox 411 2373 442 2431; x_wconf 93' lang='lat' dir='ltr'><strong>in</strong></span> <span class='ocrx_word' id='word_1_169' title='bbox 469 2374 533 2434; x_wconf 91' lang='lat' dir='ltr'><strong>eius</strong></span> <span class='ocrx_word' id='word_1_170' title='bbox 559 2374 723 2433; x_wconf 87' lang='lat' dir='ltr'><strong>honoribus</strong></span> <span class='ocrx_word' id='word_1_171' title='bbox 749 2383 829 2432; x_wconf 85' lang='lat' dir='ltr'><strong>certe</strong></span> <span class='ocrx_word' id='word_1_172' title='bbox 855 2375 970 2433; x_wconf 88' lang='lat' dir='ltr'><strong>nullam</strong></span> <span class='ocrx_word' id='word_1_173' title='bbox 996 2393 1118 2434; x_wconf 87' lang='lat' dir='ltr'><strong>causam</strong></span> <span class='ocrx_word' id='word_1_174' title='bbox 1143 2377 1273 2452; x_wconf 89' lang='lat' dir='ltr'><strong>positam</strong></span> <span class='ocrx_word' id='word_1_175' title='bbox 1298 2380 1445 2454; x_wconf 87' lang='lat' dir='ltr'><strong>videmus,</strong></span> 
     </span>
     <span class='ocr_line' id='line_1_19' title="bbox 113 2469 1446 2552; baseline 0.003 -18"><span class='ocrx_word' id='word_1_176' title='bbox 113 2494 171 2534; x_wconf 90' lang='lat' dir='ltr'><strong>cur</strong></span> <span class='ocrx_word' id='word_1_177' title='bbox 192 2473 322 2534; x_wconf 83' lang='lat' dir='ltr'><strong>Athenis</strong></span> <span class='ocrx_word' id='word_1_178' title='bbox 342 2469 533 2550; x_wconf 88' lang='lat' dir='ltr'><strong>potissimum</strong></span> <span class='ocrx_word' id='word_1_179' title='bbox 561 2479 662 2532; x_wconf 87' lang='lat' dir='ltr'><strong>statua</strong></span> <span class='ocrx_word' id='word_1_180' title='bbox 687 2482 786 2532; x_wconf 88' lang='lat' dir='ltr'><strong>erecta</strong></span> <span class='ocrx_word' id='word_1_181' title='bbox 806 2475 1013 2534; x_wconf 89' lang='lat' dir='ltr'><strong>honoraretur.</strong></span> <span class='ocrx_word' id='word_1_182' title='bbox 1056 2478 1100 2535; x_wconf 88' lang='lat' dir='ltr'><strong>At</strong></span> <span class='ocrx_word' id='word_1_183' title='bbox 1121 2474 1281 2552; x_wconf 87' lang='lat' dir='ltr'><strong>Scapulam</strong></span> <span class='ocrx_word' id='word_1_184' title='bbox 1302 2481 1446 2538; x_wconf 91' lang='lat' dir='ltr'><strong>maiorem</strong></span> 
     </span>
     <span class='ocr_line' id='line_1_20' title="bbox 113 2573 1446 2650; baseline 0.003 -16"><span class='ocrx_word' id='word_1_185' title='bbox 113 2575 198 2634; x_wconf 89' lang='lat' dir='ltr'><strong>tituli</strong></span> <span class='ocrx_word' id='word_1_186' title='bbox 212 2573 379 2649; x_wconf 89' lang='lat' dir='ltr'><strong>iudicant¹)</strong></span> <span class='ocrx_word' id='word_1_187' title='bbox 402 2573 612 2650; x_wconf 88' lang='lat' dir='ltr'><strong>proconsulem</strong></span> <span class='ocrx_word' id='word_1_188' title='bbox 630 2574 763 2632; x_wconf 86' lang='lat' dir='ltr'><strong>Achaiae</strong></span> <span class='ocrx_word' id='word_1_189' title='bbox 777 2574 887 2646; x_wconf 84' lang='lat' dir='ltr'><strong>fuisse3</strong></span> <span class='ocrx_word' id='word_1_190' title='bbox 909 2593 1000 2650; x_wconf 90' lang='lat' dir='ltr'><strong>quum</strong></span> <span class='ocrx_word' id='word_1_191' title='bbox 1020 2584 1122 2634; x_wconf 86' lang='lat' dir='ltr'><strong>autem</strong></span> <span class='ocrx_word' id='word_1_192' title='bbox 1137 2577 1267 2636; x_wconf 88' lang='lat' dir='ltr'><strong>sciamus</strong></span> <span class='ocrx_word' id='word_1_193' title='bbox 1282 2597 1342 2637; x_wconf 91' lang='lat' dir='ltr'><strong>nou</strong></span> <span class='ocrx_word' id='word_1_194' title='bbox 1356 2580 1446 2640; x_wconf 90' lang='lat' dir='ltr'><strong>modo</strong></span> 
     </span>
     <span class='ocr_line' id='line_1_21' title="bbox 113 2673 1446 2754; baseline 0.004 -20"><span class='ocrx_word' id='word_1_195' title='bbox 113 2674 315 2754; x_wconf 88' lang='lat' dir='ltr'><strong>proconsules</strong></span> <span class='ocrx_word' id='word_1_196' title='bbox 347 2674 432 2750; x_wconf 86' lang='lat' dir='ltr'><strong>ipsos</strong></span> <span class='ocrx_word' id='word_1_197' title='bbox 466 2673 520 2732; x_wconf 86' lang='lat' dir='ltr'><strong>sed</strong></span> <span class='ocrx_word' id='word_1_198' title='bbox 546 2673 636 2731; x_wconf 90' lang='lat' dir='ltr'><strong>etiam</strong></span> <span class='ocrx_word' id='word_1_199' title='bbox 664 2693 767 2732; x_wconf 89' lang='lat' dir='ltr'><strong>eorum</strong></span> <span class='ocrx_word' id='word_1_200' title='bbox 793 2675 904 2733; x_wconf 91' lang='lat' dir='ltr'><strong>liberos</strong></span> <span class='ocrx_word' id='word_1_201' title='bbox 932 2693 1022 2750; x_wconf 89' lang='lat' dir='ltr'><strong>saepe</strong></span> <span class='ocrx_word' id='word_1_202' title='bbox 1051 2677 1159 2734; x_wconf 91' lang='lat' dir='ltr'><strong>statuis</strong></span> <span class='ocrx_word' id='word_1_203' title='bbox 1187 2677 1352 2738; x_wconf 89' lang='lat' dir='ltr'><strong>honoratos</strong></span> <span class='ocrx_word' id='word_1_204' title='bbox 1379 2697 1446 2738; x_wconf 89' lang='lat' dir='ltr'><strong>esse</strong></span> 
     </span>
     <span class='ocr_line' id='line_1_22' title="bbox 115 2774 1446 2853; baseline 0.004 -19"><span class='ocrx_word' id='word_1_205' title='bbox 115 2774 348 2851; x_wconf 75' lang='lat' dir='ltr'><strong>(Friedlander,</strong></span> <span class='ocrx_word' id='word_1_206' title='bbox 376 2774 599 2850; x_wconf 75' lang='lat' dir='ltr'><strong>Duratcllunpen</strong></span> <span class='ocrx_word' id='word_1_207' title='bbox 620 2793 674 2833; x_wconf 81' lang='lat' dir='ltr'><strong>auc</strong></span> <span class='ocrx_word' id='word_1_208' title='bbox 702 2777 753 2834; x_wconf 85' lang='lat' dir='ltr'><strong>der</strong></span> <span class='ocrx_word' id='word_1_209' title='bbox 774 2774 1021 2852; x_wconf 66' lang='lat' dir='ltr'><strong>Sineqesenictre</strong></span> <span class='ocrx_word' id='word_1_210' title='bbox 1041 2775 1129 2836; x_wconf 85' lang='lat' dir='ltr'><strong>Roma</strong></span> <span class='ocrx_word' id='word_1_211' title='bbox 1149 2776 1198 2835; x_wconf 96' lang='lat' dir='ltr'><strong>III</strong></span> <span class='ocrx_word' id='word_1_212' title='bbox 1218 2796 1248 2853; x_wconf 94' lang='lat' dir='ltr'><strong>p.</strong></span> <span class='ocrx_word' id='word_1_213' title='bbox 1269 2777 1338 2838; x_wconf 86' lang='grc'><strong>164.</strong></span> <span class='ocrx_word' id='word_1_214' title='bbox 1381 2777 1446 2840; x_wconf 78' lang='lat' dir='ltr'><strong>cfr.</strong></span> 
     </span>
     <span class='ocr_line' id='line_1_23' title="bbox 115 2874 1448 2952; baseline 0.001 -15"><span class='ocrx_word' id='word_1_215' title='bbox 115 2878 210 2937; x_wconf 89' lang='lat' dir='ltr'><strong>etiam</strong></span> <span class='ocrx_word' id='word_1_216' title='bbox 225 2893 302 2952; x_wconf 85' lang='lat' dir='ltr'><strong>quae</strong></span> <span class='ocrx_word' id='word_1_217' title='bbox 317 2875 354 2934; x_wconf 90' lang='lat' dir='ltr'><strong>de</strong></span> <span class='ocrx_word' id='word_1_218' title='bbox 368 2875 509 2933; x_wconf 85' lang='lat' dir='ltr'><strong>Memmio</strong></span> <span class='ocrx_word' id='word_1_219' title='bbox 523 2875 641 2951; x_wconf 86' lang='lat' dir='ltr'><strong>Regulo</strong></span> <span class='ocrx_word' id='word_1_220' title='bbox 664 2874 729 2934; x_wconf 85' lang='lat' dir='ltr'><strong>dixi</strong></span> <span class='ocrx_word' id='word_1_221' title='bbox 751 2893 843 2952; x_wconf 91' lang='lat' dir='ltr'><strong>supra</strong></span> <span class='ocrx_word' id='word_1_222' title='bbox 862 2893 891 2950; x_wconf 93' lang='lat' dir='ltr'><strong>p.</strong></span> <span class='ocrx_word' id='word_1_223' title='bbox 910 2875 994 2951; x_wconf 89' lang='lat'><strong>111.)</strong></span> <span class='ocrx_word' id='word_1_224' title='bbox 1016 2893 1055 2933; x_wconf 87' lang='lat' dir='ltr'><strong>ex</strong></span> <span class='ocrx_word' id='word_1_225' title='bbox 1076 2894 1113 2933; x_wconf 87' lang='lat' dir='ltr'><strong>ea</strong></span> <span class='ocrx_word' id='word_1_226' title='bbox 1126 2876 1193 2952; x_wconf 88' lang='lat' dir='ltr'><strong>ipsa</strong></span> <span class='ocrx_word' id='word_1_227' title='bbox 1212 2896 1244 2937; x_wconf 91' lang='lat' dir='ltr'><strong>re</strong></span> <span class='ocrx_word' id='word_1_228' title='bbox 1265 2879 1448 2940; x_wconf 87' lang='lat' dir='ltr'><strong>coniciemus</strong></span> 
     </span>
     <span class='ocr_line' id='line_1_24' title="bbox 116 2974 903 3054; baseline -0.004 -17"><span class='ocrx_word' id='word_1_229' title='bbox 116 2975 282 3054; x_wconf 88' lang='lat' dir='ltr'><strong>Scapulam</strong></span> <span class='ocrx_word' id='word_1_230' title='bbox 303 2975 449 3034; x_wconf 87' lang='lat' dir='ltr'><strong>iuniorem</strong></span> <span class='ocrx_word' id='word_1_231' title='bbox 470 2974 662 3051; x_wconf 89' lang='lat' dir='ltr'><strong>proconsulis</strong></span> <span class='ocrx_word' id='word_1_232' title='bbox 683 2975 778 3034; x_wconf 89' lang='lat' dir='ltr'><strong>filium</strong></span> <span class='ocrx_word' id='word_1_233' title='bbox 799 2975 903 3035; x_wconf 82' lang='lat' dir='ltr'><strong>fuisse.</strong></span> 
     </span>
    </p>

    <p class='ocr_par' dir='ltr' id='par_1_4' title="bbox 116 3075 1448 3353">
     <span class='ocr_line' id='line_1_25' title="bbox 204 3075 1448 3138; baseline 0.002 -3"><span class='ocrx_word' id='word_1_234' title='bbox 204 3075 233 3136; x_wconf 86' lang='lat'><strong>8.</strong></span> <span class='ocrx_word' id='word_1_235' title='bbox 260 3076 350 3135; x_wconf 74' lang='lat' dir='ltr'><strong>Bacis</strong></span> <span class='ocrx_word' id='word_1_236' title='bbox 370 3075 528 3134; x_wconf 85' lang='lat' dir='ltr'><strong>marmoris</strong></span> <span class='ocrx_word' id='word_1_237' title='bbox 543 3075 691 3134; x_wconf 88' lang='lat' dir='ltr'><strong>Pentelici</strong></span> <span class='ocrx_word' id='word_1_238' title='bbox 712 3076 835 3134; x_wconf 90' lang='lat' dir='ltr'><strong>inventa</strong></span> <span class='ocrx_word' id='word_1_239' title='bbox 855 3076 886 3134; x_wconf 89' lang='lat' dir='ltr'><strong>in</strong></span> <span class='ocrx_word' id='word_1_240' title='bbox 909 3093 977 3134; x_wconf 90' lang='lat' dir='ltr'><strong>arce</strong></span> <span class='ocrx_word' id='word_1_241' title='bbox 999 3075 1143 3135; x_wconf 89' lang='lat' dir='ltr'><strong>orientem</strong></span> <span class='ocrx_word' id='word_1_242' title='bbox 1164 3095 1271 3137; x_wconf 85' lang='lat' dir='ltr'><strong>versus</strong></span> <span class='ocrx_word' id='word_1_243' title='bbox 1293 3078 1448 3138; x_wconf 87' lang='lat' dir='ltr'><strong>aParthe·</strong></span> 
     </span>
     <span class='ocr_line' id='line_1_26' title="bbox 116 3171 1447 3256; baseline -0.001 -18"><span class='ocrx_word' id='word_1_244' title='bbox 116 3195 207 3251; x_wconf 90' lang='lat' dir='ltr'><strong>none,</strong></span> <span class='ocrx_word' id='word_1_245' title='bbox 229 3177 283 3236; x_wconf 86' lang='lat' dir='ltr'><strong>ubi</strong></span> <span class='ocrx_word' id='word_1_246' title='bbox 303 3195 383 3235; x_wconf 90' lang='lat' dir='ltr'><strong>nune</strong></span> <span class='ocrx_word' id='word_1_247' title='bbox 404 3176 494 3235; x_wconf 88' lang='lat' dir='ltr'><strong>etiam</strong></span> <span class='ocrx_word' id='word_1_248' title='bbox 516 3184 570 3234; x_wconf 88' lang='lat' dir='ltr'><strong>est.</strong></span> <span class='ocrx_word' id='word_1_249' title='bbox 612 3174 670 3234; x_wconf 82' lang='lat' dir='ltr'><strong>Ed.</strong></span> <span class='ocrx_word' id='word_1_250' title='bbox 692 3175 825 3234; x_wconf 81' lang='lat' dir='ltr'><strong>Pittalris</strong></span> <span class='ocrx_word' id='word_1_251' title='bbox 845 3173 912 3251; x_wconf 83' lang='grc' dir='ltr'><strong>Ἐφ.</strong></span> <span class='ocrx_word' id='word_1_252' title='bbox 934 3171 1007 3256; x_wconf 74' lang='grc' dir='ltr'><strong>ἄρχ.</strong></span> <span class='ocrx_word' id='word_1_253' title='bbox 1035 3196 1064 3234; x_wconf 90' lang='lat' dir='ltr'><strong>n.</strong></span> <span class='ocrx_word' id='word_1_254' title='bbox 1088 3176 1158 3234; x_wconf 83' lang='lat'><strong>363.</strong></span> <span class='ocrx_word' id='word_1_255' title='bbox 1200 3177 1348 3249; x_wconf 91' lang='lat' dir='ltr'><strong>Bursian,</strong></span> <span class='ocrx_word' id='word_1_256' title='bbox 1376 3180 1447 3236; x_wconf 84' lang='lat' dir='ltr'><strong>Ber.</strong></span> 
     </span>
     <span class='ocr_line' id='line_1_27' title="bbox 117 3273 1245 3353; baseline -0.003 -15"><span class='ocrx_word' id='word_1_257' title='bbox 117 3276 287 3340; x_wconf 74' lang='grc'><strong>1101011011.</strong></span> <span class='ocrx_word' id='word_1_258' title='bbox 311 3276 377 3336; x_wconf 75' lang='lat' dir='ltr'><strong>Ges.</strong></span> <span class='ocrx_word' id='word_1_259' title='bbox 400 3279 451 3334; x_wconf 83' lang='lat' dir='ltr'><strong>der</strong></span> <span class='ocrx_word' id='word_1_260' title='bbox 477 3275 649 3335; x_wconf 80' lang='lat' dir='ltr'><strong>Wiaccnscl.</strong></span> <span class='ocrx_word' id='word_1_261' title='bbox 674 3276 765 3347; x_wconf 84' lang='lat'>1860,</span> <span class='ocrx_word' id='word_1_262' title='bbox 786 3295 816 3353; x_wconf 89' lang='lat' dir='ltr'><strong>p.</strong></span> <span class='ocrx_word' id='word_1_263' title='bbox 833 3273 903 3333; x_wconf 81' lang='lat'><strong>218.</strong></span> <span class='ocrx_word' id='word_1_264' title='bbox 948 3273 1081 3333; x_wconf 87' lang='lat' dir='ltr'><strong>Contulit</strong></span> <span class='ocrx_word' id='word_1_265' title='bbox 1101 3274 1245 3335; x_wconf 84' lang='lat' dir='ltr'><strong>Kochler.</strong></span> 
     </span>
    </p>

    <p class='ocr_par' dir='ltr' id='par_1_5' title="bbox 116 3363 1451 3959">
     <span class='ocr_line' id='line_1_28' title="bbox 203 3363 1448 3460; baseline -0.001 -26"><span class='ocrx_word' id='word_1_266' title='bbox 203 3377 377 3460; x_wconf 74' lang='grc' dir='ltr'>Τριπολιτῶν</span> <span class='ocrx_word' id='word_1_267' title='bbox 397 3376 448 3445; x_wconf 76' lang='grc' dir='ltr'><strong>τῆς</strong></span> <span class='ocrx_word' id='word_1_268' title='bbox 467 3374 472 3452; x_wconf 92' lang='grc' dir='ltr'>Ι</span> <span class='ocrx_word' id='word_1_269' title='bbox 490 3368 631 3445; x_wconf 56' lang='lat' dir='ltr'><strong>§orucians</strong></span> <span class='ocrx_word' id='word_1_270' title='bbox 651 3377 702 3446; x_wconf 70' lang='grc' dir='ltr'><strong>τῆς</strong></span> <span class='ocrx_word' id='word_1_271' title='bbox 723 3375 798 3457; x_wconf 77' lang='grc' dir='ltr'><em>ἱερᾶς</em></span> <span class='ocrx_word' id='word_1_272' title='bbox 818 3363 866 3432; x_wconf 77' lang='lat' dir='ltr'><strong>nal</strong></span> <span class='ocrx_word' id='word_1_273' title='bbox 886 3363 1007 3452; x_wconf 69' lang='lat' dir='ltr'><strong>a&#39;lcra&#39;hov</strong></span> <span class='ocrx_word' id='word_1_274' title='bbox 1022 3364 1071 3430; x_wconf 78' lang='lat' dir='ltr'><strong>nal</strong></span> <span class='ocrx_word' id='word_1_275' title='bbox 1086 3365 1240 3444; x_wconf 71' lang='lat' dir='ltr'><strong>nirovo&#39;uou</strong></span> <span class='ocrx_word' id='word_1_276' title='bbox 1259 3376 1265 3453; x_wconf 88' lang='grc' dir='ltr'>Ι</span> <span class='ocrx_word' id='word_1_277' title='bbox 1283 3367 1332 3433; x_wconf 75' lang='lat' dir='ltr'><strong>uni</strong></span> <span class='ocrx_word' id='word_1_278' title='bbox 1346 3398 1448 3459; x_wconf 73' lang='grc' dir='ltr'><em>ναυαρ-</em></span> 
     </span>
     <span class='ocr_line' id='line_1_29' title="bbox 118 3464 1449 3560; baseline -0.003 -24"><span class='ocrx_word' id='word_1_279' title='bbox 118 3473 210 3558; x_wconf 67' lang='grc' dir='ltr'>χίδος</span> <span class='ocrx_word' id='word_1_280' title='bbox 237 3477 262 3536; x_wconf 78' lang='grc' dir='ltr'><strong>οἳ</strong></span> <span class='ocrx_word' id='word_1_281' title='bbox 287 3465 439 3560; x_wconf 67' lang='grc' dir='ltr'>ἇρχονΙτες</span> <span class='ocrx_word' id='word_1_282' title='bbox 464 3465 513 3532; x_wconf 77' lang='lat' dir='ltr'><strong>noel</strong></span> <span class='ocrx_word' id='word_1_283' title='bbox 539 3472 555 3546; x_wconf 78' lang='grc' dir='ltr'><strong><em>ἦ</em></strong></span> <span class='ocrx_word' id='word_1_284' title='bbox 581 3467 677 3546; x_wconf 73' lang='grc' dir='ltr'>βουλὴ</span> <span class='ocrx_word' id='word_1_285' title='bbox 704 3465 752 3532; x_wconf 65' lang='grc' dir='ltr'><strong>καὶ</strong></span> <span class='ocrx_word' id='word_1_286' title='bbox 777 3471 793 3532; x_wconf 76' lang='lat' dir='ltr'><strong>o‘</strong></span> <span class='ocrx_word' id='word_1_287' title='bbox 822 3468 909 3546; x_wconf 76' lang='grc' dir='ltr'>δῆμος</span> <span class='ocrx_word' id='word_1_288' title='bbox 932 3474 936 3551; x_wconf 92' lang='grc' dir='ltr'>Ι</span> <span class='ocrx_word' id='word_1_289' title='bbox 961 3464 1088 3543; x_wconf 65' lang='grc' dir='ltr'><strong>Αἰμίλιον</strong></span> <span class='ocrx_word' id='word_1_290' title='bbox 1106 3471 1237 3550; x_wconf 59' lang='lat' dir='ltr'><strong>’letigum</strong></span> <span class='ocrx_word' id='word_1_291' title='bbox 1257 3467 1449 3558; x_wconf 69' lang='grc' dir='ltr'><strong>πρεσβευΙτῆν</strong></span> 
     </span>
     <span class='ocr_line' id='line_1_30' title="bbox 117 3563 1450 3659; baseline -0.003 -23"><span class='ocrx_word' id='word_1_292' title='bbox 117 3570 283 3644; x_wconf 71' lang='grc' dir='ltr'><strong>Σεβαστοῦ</strong></span> <span class='ocrx_word' id='word_1_293' title='bbox 309 3567 357 3636; x_wconf 75' lang='lat' dir='ltr'><strong>nal</strong></span> <span class='ocrx_word' id='word_1_294' title='bbox 383 3565 616 3659; x_wconf 71' lang='grc' dir='ltr'><strong>α’ντιστρᾶΙτηγον</strong></span> <span class='ocrx_word' id='word_1_295' title='bbox 641 3571 689 3632; x_wconf 74' lang='grc' dir='ltr'><strong>τᾶν</strong></span> <span class='ocrx_word' id='word_1_296' title='bbox 715 3573 821 3632; x_wconf 71' lang='grc' dir='ltr'>ἑαυτῶν</span> <span class='ocrx_word' id='word_1_297' title='bbox 842 3567 985 3651; x_wconf 64' lang='lat' dir='ltr'><strong>nehalim</strong></span> <span class='ocrx_word' id='word_1_298' title='bbox 1008 3563 1056 3630; x_wconf 78' lang='lat' dir='ltr'><strong>nol</strong></span> <span class='ocrx_word' id='word_1_299' title='bbox 1078 3564 1224 3656; x_wconf 66' lang='grc' dir='ltr'><strong>εὐεργέτην</strong></span> <span class='ocrx_word' id='word_1_300' title='bbox 1251 3567 1450 3658; x_wconf 70' lang='grc' dir='ltr'><strong>εὔχαριτΙτιάς</strong></span> 
     </span>
     <span class='ocr_line' id='line_1_31' title="bbox 118 3663 1449 3760; baseline -0.002 -24"><span class='ocrx_word' id='word_1_301' title='bbox 118 3668 212 3738; x_wconf 75' lang='grc' dir='ltr'><strong><em>ἕνεκεν</em></strong></span> <span class='ocrx_word' id='word_1_302' title='bbox 234 3671 282 3736; x_wconf 71' lang='grc' dir='ltr'><strong>διὰ</strong></span> <span class='ocrx_word' id='word_1_303' title='bbox 303 3668 486 3760; x_wconf 71' lang='grc' dir='ltr'><strong><em>πρεσβευτοῦ</em></strong></span> <span class='ocrx_word' id='word_1_304' title='bbox 502 3671 508 3755; x_wconf 96' lang='grc' dir='ltr'>Ι</span> <span class='ocrx_word' id='word_1_305' title='bbox 526 3669 611 3733; x_wconf 69' lang='grc' dir='ltr'>Γαίου</span> <span class='ocrx_word' id='word_1_306' title='bbox 632 3667 750 3732; x_wconf 78' lang='grc' dir='ltr'><strong>’1110λῖ00</strong></span> <span class='ocrx_word' id='word_1_307' title='bbox 772 3675 962 3758; x_wconf 69' lang='grc' dir='ltr'><em>Προκληΐανοῧ</em></span> <span class='ocrx_word' id='word_1_308' title='bbox 978 3669 983 3754; x_wconf 97' lang='grc' dir='ltr'>Ι</span> <span class='ocrx_word' id='word_1_309' title='bbox 1002 3663 1149 3743; x_wconf 66' lang='grc' dir='ltr'><strong>ἀνέθηκαν</strong></span> <span class='ocrx_word' id='word_1_310' title='bbox 1174 3665 1449 3753; x_wconf 57' lang='lat' dir='ltr'><strong>incubamus-cuim}</strong></span> 
     </span>
     <span class='ocr_line' id='line_1_32' title="bbox 118 3762 1451 3860; baseline -0.005 -22"><span class='ocrx_word' id='word_1_311' title='bbox 118 3781 171 3850; x_wconf 72' lang='grc' dir='ltr'><strong>τῆς</strong></span> <span class='ocrx_word' id='word_1_312' title='bbox 200 3772 237 3858; x_wconf 78' lang='grc' dir='ltr'><strong>ἐξ</strong></span> <span class='ocrx_word' id='word_1_313' title='bbox 260 3769 368 3860; x_wconf 70' lang='lat' dir='ltr'><strong>’Aprica</strong></span> <span class='ocrx_word' id='word_1_314' title='bbox 394 3767 493 3852; x_wconf 69' lang='grc' dir='ltr'>πάγου</span> <span class='ocrx_word' id='word_1_315' title='bbox 519 3767 633 3845; x_wconf 73' lang='grc' dir='ltr'>βουλῆς</span> <span class='ocrx_word' id='word_1_316' title='bbox 656 3773 661 3851; x_wconf 96' lang='grc' dir='ltr'>Ι</span> <span class='ocrx_word' id='word_1_317' title='bbox 684 3765 732 3832; x_wconf 66' lang='grc' dir='ltr'><strong>καὶ</strong></span> <span class='ocrx_word' id='word_1_318' title='bbox 758 3777 809 3847; x_wconf 69' lang='grc' dir='ltr'><strong>τῆς</strong></span> <span class='ocrx_word' id='word_1_319' title='bbox 833 3767 947 3844; x_wconf 70' lang='grc' dir='ltr'>βουλῆς</span> <span class='ocrx_word' id='word_1_320' title='bbox 973 3774 1028 3830; x_wconf 72' lang='grc' dir='ltr'><strong>τῶν</strong></span> <span class='ocrx_word' id='word_1_321' title='bbox 1049 3777 1073 3829; x_wconf 78' lang='grc' dir='ltr'><strong><em>Φ</em></strong></span> <span class='ocrx_word' id='word_1_322' title='bbox 1098 3762 1146 3830; x_wconf 68' lang='grc' dir='ltr'><strong>καὶ</strong></span> <span class='ocrx_word' id='word_1_323' title='bbox 1174 3776 1227 3832; x_wconf 74' lang='grc' dir='ltr'><strong>τοῦ</strong></span> <span class='ocrx_word' id='word_1_324' title='bbox 1248 3771 1255 3851; x_wconf 96' lang='grc' dir='ltr'>Ι</span> <span class='ocrx_word' id='word_1_325' title='bbox 1281 3765 1370 3846; x_wconf 67' lang='grc' dir='ltr'>δήμου</span> <span class='ocrx_word' id='word_1_326' title='bbox 1397 3778 1451 3832; x_wconf 78' lang='lat' dir='ltr'><strong>roi&#39;v</strong></span> 
     </span>
     <span class='ocr_line' id='line_1_33' title="bbox 116 3865 764 3959; baseline -0.006 -25"><span class='ocrx_word' id='word_1_327' title='bbox 116 3869 287 3948; x_wconf 65' lang='grc' dir='ltr'><strong>Ἀθηναίων</strong></span> <span class='ocrx_word' id='word_1_328' title='bbox 305 3875 311 3952; x_wconf 94' lang='grc' dir='ltr'>Ι</span> <span class='ocrx_word' id='word_1_329' title='bbox 330 3866 374 3934; x_wconf 70' lang='lat' dir='ltr'><strong>ini</strong></span> <span class='ocrx_word' id='word_1_330' title='bbox 395 3869 494 3959; x_wconf 70' lang='lat' dir='ltr'><strong>lapsine</strong></span> <span class='ocrx_word' id='word_1_331' title='bbox 514 3879 566 3933; x_wconf 78' lang='grc' dir='ltr'><strong>Φλ.</strong></span> <span class='ocrx_word' id='word_1_332' title='bbox 588 3865 764 3957; x_wconf 70' lang='grc' dir='ltr'><strong>Φαιναρέτης.</strong></span> 
     </span>
    </p>

    <p class='ocr_par' dir='ltr' id='par_1_6' title="bbox 120 3973 1455 4561">
     <span class='ocr_line' id='line_1_34' title="bbox 207 3973 1452 4052; baseline -0.005 -14"><span class='ocrx_word' id='word_1_333' title='bbox 207 3975 417 4038; x_wconf 80' lang='lat' dir='ltr'><strong>Certissimum</strong></span> <span class='ocrx_word' id='word_1_334' title='bbox 437 3975 581 4052; x_wconf 90' lang='lat' dir='ltr'><strong>temporis</strong></span> <span class='ocrx_word' id='word_1_335' title='bbox 603 3973 747 4034; x_wconf 90' lang='lat' dir='ltr'><strong>indicium</strong></span> <span class='ocrx_word' id='word_1_336' title='bbox 769 3984 816 4034; x_wconf 90' lang='lat' dir='ltr'><strong>est</strong></span> <span class='ocrx_word' id='word_1_337' title='bbox 837 3983 958 4034; x_wconf 87' lang='lat' dir='ltr'><strong>senatus</strong></span> <span class='ocrx_word' id='word_1_338' title='bbox 981 3975 1218 4051; x_wconf 89' lang='lat' dir='ltr'><strong>quingentorum,</strong></span> <span class='ocrx_word' id='word_1_339' title='bbox 1241 3993 1329 4050; x_wconf 90' lang='lat' dir='ltr'><strong>quem</strong></span> <span class='ocrx_word' id='word_1_340' title='bbox 1350 3993 1452 4033; x_wconf 91' lang='lat' dir='ltr'><strong>nume·</strong></span> 
     </span>
     <span class='ocr_line' id='line_1_35' title="bbox 120 4072 1452 4151; baseline -0.005 -13"><span class='ocrx_word' id='word_1_341' title='bbox 120 4097 189 4138; x_wconf 89' lang='lat' dir='ltr'><strong>rum</strong></span> <span class='ocrx_word' id='word_1_342' title='bbox 211 4095 273 4136; x_wconf 92' lang='lat' dir='ltr'><strong>non</strong></span> <span class='ocrx_word' id='word_1_343' title='bbox 294 4085 364 4135; x_wconf 90' lang='lat' dir='ltr'><strong>ante</strong></span> <span class='ocrx_word' id='word_1_344' title='bbox 377 4075 563 4135; x_wconf 85' lang='lat' dir='ltr'><strong>Hadrianum</strong></span> <span class='ocrx_word' id='word_1_345' title='bbox 585 4075 757 4134; x_wconf 91' lang='lat' dir='ltr'><strong>restitutum</strong></span> <span class='ocrx_word' id='word_1_346' title='bbox 778 4092 847 4134; x_wconf 88' lang='lat' dir='ltr'><strong>esse</strong></span> <span class='ocrx_word' id='word_1_347' title='bbox 868 4075 946 4132; x_wconf 91' lang='lat' dir='ltr'><strong>inter</strong></span> <span class='ocrx_word' id='word_1_348' title='bbox 959 4092 1062 4134; x_wconf 91' lang='lat' dir='ltr'><strong>omues</strong></span> <span class='ocrx_word' id='word_1_349' title='bbox 1078 4072 1238 4150; x_wconf 66' lang='lat' dir='ltr'><strong>constati).</strong></span> <span class='ocrx_word' id='word_1_350' title='bbox 1271 4074 1378 4151; x_wconf 92' lang='lat' dir='ltr'><strong>Neque</strong></span> <span class='ocrx_word' id='word_1_351' title='bbox 1401 4075 1452 4133; x_wconf 92' lang='lat' dir='ltr'><strong>de·</strong></span> 
     </span>
     <span class='ocr_line' id='line_1_36' title="bbox 125 4172 1452 4254; baseline -0.006 -14"><span class='ocrx_word' id='word_1_352' title='bbox 125 4186 197 4240; x_wconf 91' lang='lat' dir='ltr'><strong>sunt</strong></span> <span class='ocrx_word' id='word_1_353' title='bbox 218 4177 297 4237; x_wconf 88' lang='lat' dir='ltr'><strong>aliae</strong></span> <span class='ocrx_word' id='word_1_354' title='bbox 317 4195 367 4236; x_wconf 89' lang='lat' dir='ltr'><strong>res</strong></span> <span class='ocrx_word' id='word_1_355' title='bbox 389 4195 465 4254; x_wconf 86' lang='lat' dir='ltr'><strong>quae</strong></span> <span class='ocrx_word' id='word_1_356' title='bbox 487 4194 548 4234; x_wconf 91' lang='lat' dir='ltr'><strong>non</strong></span> <span class='ocrx_word' id='word_1_357' title='bbox 569 4191 677 4251; x_wconf 87' lang='lat' dir='ltr'><strong>magno</strong></span> <span class='ocrx_word' id='word_1_358' title='bbox 699 4183 778 4233; x_wconf 90' lang='lat' dir='ltr'><strong>certe</strong></span> <span class='ocrx_word' id='word_1_359' title='bbox 800 4175 944 4251; x_wconf 89' lang='lat' dir='ltr'><strong>temporis</strong></span> <span class='ocrx_word' id='word_1_360' title='bbox 966 4176 1062 4250; x_wconf 87' lang='lat' dir='ltr'><strong>spatio</strong></span> <span class='ocrx_word' id='word_1_361' title='bbox 1083 4183 1151 4233; x_wconf 87' lang='lat' dir='ltr'><strong>ante</strong></span> <span class='ocrx_word' id='word_1_362' title='bbox 1173 4172 1361 4233; x_wconf 88' lang='lat' dir='ltr'><strong>Hadrianum</strong></span> <span class='ocrx_word' id='word_1_363' title='bbox 1382 4174 1452 4232; x_wconf 88' lang='lat' dir='ltr'><strong>titu-</strong></span> 
     </span>
     <span class='ocr_line' id='line_1_37' title="bbox 122 4273 1454 4354; baseline -0.007 -15"><span class='ocrx_word' id='word_1_364' title='bbox 122 4281 188 4340; x_wconf 88' lang='lat' dir='ltr'><strong>lum</strong></span> <span class='ocrx_word' id='word_1_365' title='bbox 216 4277 418 4354; x_wconf 89' lang='lat' dir='ltr'><strong>compositum</strong></span> <span class='ocrx_word' id='word_1_366' title='bbox 444 4277 657 4334; x_wconf 87' lang='lat' dir='ltr'><strong>demonstrent.</strong></span> <span class='ocrx_word' id='word_1_367' title='bbox 700 4274 888 4332; x_wconf 89' lang='lat' dir='ltr'><strong>Praenomen</strong></span> <span class='ocrx_word' id='word_1_368' title='bbox 917 4275 981 4333; x_wconf 93' lang='lat' dir='ltr'><strong>eius</strong></span> <span class='ocrx_word' id='word_1_369' title='bbox 1008 4275 1060 4350; x_wconf 93' lang='lat' dir='ltr'><strong>qui</strong></span> <span class='ocrx_word' id='word_1_370' title='bbox 1080 4275 1245 4333; x_wconf 88' lang='lat' dir='ltr'><strong>honoratur</strong></span> <span class='ocrx_word' id='word_1_371' title='bbox 1266 4273 1412 4333; x_wconf 89' lang='lat' dir='ltr'><strong>omissum</strong></span> <span class='ocrx_word' id='word_1_372' title='bbox 1435 4291 1454 4330; x_wconf 90' lang='lat' dir='ltr'><strong>a</strong></span> 
     </span>
     <span class='ocr_line' id='line_1_38' title="bbox 123 4373 1451 4457; baseline -0.005 -19"><span class='ocrx_word' id='word_1_373' title='bbox 123 4380 215 4457; x_wconf 91' lang='lat' dir='ltr'><strong>primi</strong></span> <span class='ocrx_word' id='word_1_374' title='bbox 241 4385 321 4438; x_wconf 88' lang='lat' dir='ltr'><strong>certe</strong></span> <span class='ocrx_word' id='word_1_375' title='bbox 345 4397 375 4455; x_wconf 92' lang='lat' dir='ltr'><strong>p.</strong></span> <span class='ocrx_word' id='word_1_376' title='bbox 399 4375 470 4437; x_wconf 86' lang='lat' dir='ltr'><strong>Chr.</strong></span> <span class='ocrx_word' id='word_1_377' title='bbox 493 4375 607 4434; x_wconf 89' lang='lat' dir='ltr'><strong>saeculi</strong></span> <span class='ocrx_word' id='word_1_378' title='bbox 632 4393 715 4433; x_wconf 88' lang='lat' dir='ltr'><strong>more</strong></span> <span class='ocrx_word' id='word_1_379' title='bbox 737 4375 866 4433; x_wconf 89' lang='lat' dir='ltr'><strong>alienum</strong></span> <span class='ocrx_word' id='word_1_380' title='bbox 893 4381 947 4434; x_wconf 88' lang='lat' dir='ltr'><strong>est.</strong></span> <span class='ocrx_word' id='word_1_381' title='bbox 986 4373 1105 4433; x_wconf 88' lang='lat' dir='ltr'><strong>Deinde</strong></span> <span class='ocrx_word' id='word_1_382' title='bbox 1127 4375 1261 4451; x_wconf 89' lang='lat' dir='ltr'><strong>Tripolis</strong></span> <span class='ocrx_word' id='word_1_383' title='bbox 1283 4373 1451 4432; x_wconf 92' lang='lat' dir='ltr'><strong>Phoenices</strong></span> 
     </span>
     <span class='ocr_line' id='line_1_39' title="bbox 125 4469 1455 4561; baseline -0.006 -23"><span class='ocrx_word' id='word_1_384' title='bbox 125 4485 254 4538; x_wconf 87' lang='lat' dir='ltr'><strong>vocatur</strong></span> <span class='ocrx_word' id='word_1_385' title='bbox 281 4469 432 4561; x_wconf 71' lang='grc' dir='ltr'><strong>ναυαρχῖς.</strong></span> <span class='ocrx_word' id='word_1_386' title='bbox 484 4474 552 4550; x_wconf 82' lang='lat' dir='ltr'><strong>Quo</strong></span> <span class='ocrx_word' id='word_1_387' title='bbox 578 4475 698 4534; x_wconf 92' lang='lat' dir='ltr'><strong>nomine</strong></span> <span class='ocrx_word' id='word_1_388' title='bbox 723 4483 829 4534; x_wconf 89' lang='lat' dir='ltr'><strong>ornata</strong></span> <span class='ocrx_word' id='word_1_389' title='bbox 854 4475 886 4533; x_wconf 91' lang='lat' dir='ltr'><strong>in</strong></span> <span class='ocrx_word' id='word_1_390' title='bbox 913 4475 1042 4534; x_wconf 91' lang='lat' dir='ltr'><strong>nummis</strong></span> <span class='ocrx_word' id='word_1_391' title='bbox 1064 4475 1185 4552; x_wconf 90' lang='lat' dir='ltr'><strong>quidem</strong></span> <span class='ocrx_word' id='word_1_392' title='bbox 1205 4475 1280 4534; x_wconf 89' lang='lat' dir='ltr'><strong>haec</strong></span> <span class='ocrx_word' id='word_1_393' title='bbox 1300 4476 1371 4533; x_wconf 87' lang='lat' dir='ltr'><strong>urbs</strong></span> <span class='ocrx_word' id='word_1_394' title='bbox 1393 4491 1455 4532; x_wconf 91' lang='lat' dir='ltr'><strong>non</strong></span> 
     </span>
    </p>
   </div>
   <div class='ocr_carea' id='block_1_3' title="bbox 124 4642 332 4656">
    <p class='ocr_par' dir='ltr' id='par_1_7' title="bbox 124 4642 332 4656">
     <span class='ocr_line' id='line_1_40' title="bbox 124 4642 332 4656; baseline -0.014 0"><span class='ocrx_word' id='word_1_395' title='bbox 124 4642 332 4656; x_wconf 51' lang='lat' dir='ltr'><strong>m</strong></span> 
     </span>
    </p>
   </div>
   <div class='ocr_carea' id='block_1_4' title="bbox 130 4730 1459 5264">
    <p class='ocr_par' dir='ltr' id='par_1_8' title="bbox 130 4730 1457 4900">
     <span class='ocr_line' id='line_1_41' title="bbox 204 4730 1456 4814; baseline -0.002 -21"><span class='ocrx_word' id='word_1_396' title='bbox 204 4744 229 4806; x_wconf 89' lang='lat' dir='ltr'><strong>l)</strong></span> <span class='ocrx_word' id='word_1_397' title='bbox 254 4730 397 4796; x_wconf 67' lang='grc' dir='ltr'><strong>ἆνθιῗπατον</strong></span> <span class='ocrx_word' id='word_1_398' title='bbox 420 4734 535 4814; x_wconf 78' lang='grc' dir='ltr'>’Δχαΐας</span> <span class='ocrx_word' id='word_1_399' title='bbox 558 4759 612 4794; x_wconf 92' lang='lat' dir='ltr'><strong>non</strong></span> <span class='ocrx_word' id='word_1_400' title='bbox 631 4751 758 4794; x_wconf 86' lang='lat' dir='ltr'><strong>servatum</strong></span> <span class='ocrx_word' id='word_1_401' title='bbox 783 4751 821 4794; x_wconf 88' lang='lat' dir='ltr'><strong>est</strong></span> <span class='ocrx_word' id='word_1_402' title='bbox 843 4744 894 4794; x_wconf 91' lang='lat' dir='ltr'><strong>nisi</strong></span> <span class='ocrx_word' id='word_1_403' title='bbox 914 4744 942 4793; x_wconf 91' lang='lat' dir='ltr'><strong>in</strong></span> <span class='ocrx_word' id='word_1_404' title='bbox 967 4744 1042 4793; x_wconf 92' lang='lat' dir='ltr'><strong>titulo</strong></span> <span class='ocrx_word' id='word_1_405' title='bbox 1061 4743 1298 4804; x_wconf 89' lang='lat' dir='ltr'><strong>Mordtmanniano,</strong></span> <span class='ocrx_word' id='word_1_406' title='bbox 1324 4757 1403 4807; x_wconf 86' lang='lat' dir='ltr'><strong>quum</strong></span> <span class='ocrx_word' id='word_1_407' title='bbox 1428 4742 1456 4790; x_wconf 92' lang='lat' dir='ltr'><strong>in</strong></span> 
     </span>
     <span class='ocr_line' id='line_1_42' title="bbox 130 4822 1457 4900; baseline -0.004 -13"><span class='ocrx_word' id='word_1_408' title='bbox 130 4837 234 4887; x_wconf 88' lang='lat' dir='ltr'><strong>duobus</strong></span> <span class='ocrx_word' id='word_1_409' title='bbox 246 4835 353 4900; x_wconf 89' lang='lat' dir='ltr'><strong>reliquis</strong></span> <span class='ocrx_word' id='word_1_410' title='bbox 369 4822 511 4884; x_wconf 69' lang='grc'><strong>1118100101</strong></span> <span class='ocrx_word' id='word_1_411' title='bbox 531 4841 650 4899; x_wconf 89' lang='lat' dir='ltr'><strong>exparte</strong></span> <span class='ocrx_word' id='word_1_412' title='bbox 663 4840 791 4885; x_wconf 81' lang='grc'><strong>1011011111</strong></span> <span class='ocrx_word' id='word_1_413' title='bbox 810 4835 852 4896; x_wconf 83' lang='lat' dir='ltr'><strong>sit,</strong></span> <span class='ocrx_word' id='word_1_414' title='bbox 870 4834 1020 4899; x_wconf 90' lang='lat' dir='ltr'><strong>provinciae</strong></span> <span class='ocrx_word' id='word_1_415' title='bbox 1032 4840 1119 4884; x_wconf 89' lang='lat' dir='ltr'><strong>autem</strong></span> <span class='ocrx_word' id='word_1_416' title='bbox 1136 4847 1231 4884; x_wconf 90' lang='lat' dir='ltr'><strong>nomen</strong></span> <span class='ocrx_word' id='word_1_417' title='bbox 1248 4839 1332 4884; x_wconf 87' lang='grc'><strong>1011111</strong></span> <span class='ocrx_word' id='word_1_418' title='bbox 1343 4832 1457 4898; x_wconf 86' lang='lat' dir='ltr'><strong>perierit.</strong></span> 
     </span>
    </p>

    <p class='ocr_par' dir='ltr' id='par_1_9' title="bbox 130 4922 1459 5264">
     <span class='ocr_line' id='line_1_43' title="bbox 206 4922 1458 4992; baseline -0.003 -15"><span class='ocrx_word' id='word_1_419' title='bbox 206 4924 232 4989; x_wconf 79' lang='lat'><strong>²)</strong></span> <span class='ocrx_word' id='word_1_420' title='bbox 256 4925 318 4978; x_wconf 83' lang='lat' dir='ltr'><strong>Non</strong></span> <span class='ocrx_word' id='word_1_421' title='bbox 338 4925 394 4976; x_wconf 85' lang='lat' dir='ltr'><strong>dixi</strong></span> <span class='ocrx_word' id='word_1_422' title='bbox 405 4922 540 4976; x_wconf 77' lang='lat' dir='ltr'><strong>Hadriani</strong></span> <span class='ocrx_word' id='word_1_423' title='bbox 558 4932 672 4992; x_wconf 82' lang='lat' dir='ltr'><strong>tempore,</strong></span> <span class='ocrx_word' id='word_1_424' title='bbox 693 4925 738 4975; x_wconf 88' lang='lat' dir='ltr'><strong>ssd</strong></span> <span class='ocrx_word' id='word_1_425' title='bbox 755 4940 805 4974; x_wconf 91' lang='lat' dir='ltr'><strong>non</strong></span> <span class='ocrx_word' id='word_1_426' title='bbox 824 4930 881 4974; x_wconf 81' lang='lat' dir='ltr'><strong>ante</strong></span> <span class='ocrx_word' id='word_1_427' title='bbox 893 4925 1056 4974; x_wconf 85' lang='lat' dir='ltr'><strong>Hadrianum</strong></span> <span class='ocrx_word' id='word_1_428' title='bbox 1074 4931 1180 4989; x_wconf 90' lang='lat' dir='ltr'><strong>propter</strong></span> <span class='ocrx_word' id='word_1_429' title='bbox 1190 4924 1340 4976; x_wconf 86' lang='lat' dir='ltr'><strong>Neubaueri</strong></span> <span class='ocrx_word' id='word_1_430' title='bbox 1357 4925 1458 4974; x_wconf 89' lang='lat' dir='ltr'><strong>coniec-</strong></span> 
     </span>
     <span class='ocr_line' id='line_1_44' title="bbox 130 5014 1459 5082; baseline -0.004 -14"><span class='ocrx_word' id='word_1_431' title='bbox 130 5024 230 5079; x_wconf 85' lang='lat' dir='ltr'><strong>turam,</strong></span> <span class='ocrx_word' id='word_1_432' title='bbox 259 5016 304 5081; x_wconf 88' lang='lat' dir='ltr'><strong>qul</strong></span> <span class='ocrx_word' id='word_1_433' title='bbox 329 5015 359 5066; x_wconf 89' lang='lat' dir='ltr'><strong>id</strong></span> <span class='ocrx_word' id='word_1_434' title='bbox 382 5016 520 5067; x_wconf 85' lang='lat' dir='ltr'><strong>Antonino</strong></span> <span class='ocrx_word' id='word_1_435' title='bbox 543 5017 593 5067; x_wconf 85' lang='lat' dir='ltr'><strong>Pio</strong></span> <span class='ocrx_word' id='word_1_436' title='bbox 616 5017 772 5081; x_wconf 85' lang='lat' dir='ltr'><strong>imperatore</strong></span> <span class='ocrx_word' id='word_1_437' title='bbox 798 5015 896 5066; x_wconf 79' lang='lat' dir='ltr'><strong>iactum</strong></span> <span class='ocrx_word' id='word_1_438' title='bbox 919 5021 1001 5080; x_wconf 86' lang='lat' dir='ltr'><strong>putat.</strong></span> <span class='ocrx_word' id='word_1_439' title='bbox 1043 5015 1207 5082; x_wconf 86' lang='lat' dir='ltr'><strong>Quamquam</strong></span> <span class='ocrx_word' id='word_1_440' title='bbox 1235 5015 1304 5065; x_wconf 87' lang='lat' dir='ltr'><strong>enim</strong></span> <span class='ocrx_word' id='word_1_441' title='bbox 1331 5014 1459 5065; x_wconf 86' lang='lat' dir='ltr'><strong>assentior</strong></span> 
     </span>
     <span class='ocr_line' id='line_1_45' title="bbox 130 5089 1459 5172; baseline -0.006 -13"><span class='ocrx_word' id='word_1_442' title='bbox 130 5107 306 5159; x_wconf 78' lang='lat' dir='ltr'><strong>Himohleldio</strong></span> <span class='ocrx_word' id='word_1_443' title='bbox 325 5089 475 5157; x_wconf 72' lang='lat' dir='ltr'><strong>lleubaueri</strong></span> <span class='ocrx_word' id='word_1_444' title='bbox 499 5109 654 5158; x_wconf 87' lang='lat' dir='ltr'><strong>sententiam</strong></span> <span class='ocrx_word' id='word_1_445' title='bbox 676 5106 846 5172; x_wconf 86' lang='lat' dir='ltr'><strong>improbanti,</strong></span> <span class='ocrx_word' id='word_1_446' title='bbox 872 5112 959 5156; x_wconf 85' lang='lat' dir='ltr'><strong>tamen</strong></span> <span class='ocrx_word' id='word_1_447' title='bbox 979 5107 1040 5170; x_wconf 88' lang='lat' dir='ltr'><strong>qnia</strong></span> <span class='ocrx_word' id='word_1_448' title='bbox 1063 5121 1096 5157; x_wconf 86' lang='lat' dir='ltr'><strong>ex</strong></span> <span class='ocrx_word' id='word_1_449' title='bbox 1114 5106 1165 5157; x_wconf 92' lang='lat' dir='ltr'><strong>hoc</strong></span> <span class='ocrx_word' id='word_1_450' title='bbox 1186 5107 1243 5172; x_wconf 91' lang='lat' dir='ltr'><strong>ipso</strong></span> <span class='ocrx_word' id='word_1_451' title='bbox 1263 5106 1366 5157; x_wconf 84' lang='lat' dir='ltr'><strong>demum</strong></span> <span class='ocrx_word' id='word_1_452' title='bbox 1385 5104 1459 5153; x_wconf 86' lang='lat' dir='ltr'><strong>titulo</strong></span> 
     </span>
     <span class='ocr_line' id='line_1_46' title="bbox 132 5197 1147 5264; baseline -0.001 -15"><span class='ocrx_word' id='word_1_453' title='bbox 132 5199 189 5250; x_wconf 90' lang='lat' dir='ltr'><strong>eius</strong></span> <span class='ocrx_word' id='word_1_454' title='bbox 206 5198 245 5249; x_wconf 87' lang='lat' dir='ltr'><strong>rei</strong></span> <span class='ocrx_word' id='word_1_455' title='bbox 263 5203 442 5264; x_wconf 76' lang='lat' dir='ltr'><strong>argumentum</strong></span> <span class='ocrx_word' id='word_1_456' title='bbox 460 5204 584 5262; x_wconf 87' lang='lat' dir='ltr'><strong>repetam,</strong></span> <span class='ocrx_word' id='word_1_457' title='bbox 603 5213 672 5249; x_wconf 91' lang='lat' dir='ltr'><strong>nunc</strong></span> <span class='ocrx_word' id='word_1_458' title='bbox 690 5199 718 5248; x_wconf 93' lang='lat' dir='ltr'><strong>id</strong></span> <span class='ocrx_word' id='word_1_459' title='bbox 736 5199 764 5249; x_wconf 93' lang='lat' dir='ltr'><strong>in</strong></span> <span class='ocrx_word' id='word_1_460' title='bbox 782 5197 868 5248; x_wconf 86' lang='lat' dir='ltr'><strong>medio</strong></span> <span class='ocrx_word' id='word_1_461' title='bbox 887 5197 1082 5262; x_wconf 88' lang='lat' dir='ltr'><strong>relinquendum</strong></span> <span class='ocrx_word' id='word_1_462' title='bbox 1101 5205 1147 5248; x_wconf 88' lang='lat' dir='ltr'><strong>est.</strong></span> 
     </span>
    </p>
   </div>
   <div class='ocr_carea' id='block_1_5' title="bbox 1217 5285 1254 5343">
    <p class='ocr_par' dir='ltr' id='par_1_10' title="bbox 1217 5285 1254 5343">
     <span class='ocr_line' id='line_1_47' title="bbox 1217 5285 1254 5343; baseline 0.027 -1"><span class='ocrx_word' id='word_1_463' title='bbox 1217 5285 1254 5343; x_wconf 88' lang='grc'><strong>18</strong></span> 
     </span>
    </p>
   </div>
   <div class='ocr_carea' id='block_1_6' title="bbox 0 0 1829 6080">
    <p class='ocr_par' dir='ltr' id='par_1_11' title="bbox 0 0 1829 6080">
     <span class='ocr_line' id='line_1_48' title="bbox 0 0 1829 6080; baseline 0 0"><span class='ocrx_word' id='word_1_464' title='bbox 0 0 1829 6080; x_wconf 95' lang='lat' dir='ltr'><strong> </strong></span> 
     </span>
    </p>
   </div>
  </div>
 </body>
</html>
