3568 6070
498 615 795 670 oasaavauroaas
812 617 931 671 aaran.
950 618 1000 670 v1.
1335 612 1406 683 129

104 791 157 849 suis
177 789 307 847 Postumi
328 787 500 846 concubinis
523 804 632 845 nomen
653 788 787 846 duxisse..
824 790 988 864 Imperator
1008 791 1171 852 Antoninos
1184 795 1336 872 Aopoatue
1356 805 1409 880 qni

103 890 255 948 nominatur
274 887 336 947 v.9
359 905 428 944 num
451 889 491 945 sit
510 887 585 945 Pius
608 906 646 945 an
668 889 789 946 Marcus
811 907 849 946 an
872 888 1030 948 Caracalla
1050 911 1087 950 an
1109 894 1307 972 Elagabalus,
1329 913 1411 962 certa

102 992 201 1047 ratione
223 988 337 1046 definiri
359 1007 418 1044 non
437 995 547 1064 potest,
569 1006 635 1046 curn
651 1006 727 1064 quae
742 997 897 1063 praeterea
910 990 941 1046 in
956 991 1043 1048 titulo
1057 992 1196 1070 leguntur
1210 999 1340 1058 omnium
1355 1003 1410 1060 bo·

101 1110 157 1147 rum
170 1090 291 1165 tempori
305 1097 384 1146 recte
400 1087 586 1144 conveniant.
602 1120 643 1130 -
666 1086 781 1146 Cursus
803 1089 950 1147 honorum
973 1093 1048 1149 satis
1070 1095 1228 1170 expeditus
1250 1105 1305 1158 est.
1342 1101 1410 1162 Tri-

101 1191 227 1274 bunatum
253 1189 412 1247 militarem
437 1188 600 1246 Postumus
626 1195 678 1244 aut
703 1189 804 1246 omisit
831 1197 882 1247 ant
906 1187 1074 1267 reticuit1).
1119 1193 1195 1252 Post
1221 1207 1411 1271 quaesturam

100 1309 188 1346 curam
203 1288 336 1346 coloniae
350 1289 469 1345 Ardeae
490 1288 612 1365 accepit,
635 1306 713 1364 quae
735 1289 903 1347 curationes
925 1309 1105 1366 quamquam
1127 1295 1304 1373 plerumque
1326 1320 1412 1376 prae-

100 1389 173 1447 toriis
193 1389 411 1466 permittuntur,
433 1407 493 1445 non
515 1389 655 1446 deficiunt
676 1389 814 1463 exempla
836 1397 903 1447 ante
925 1399 1094 1464 praeturam
1116 1393 1273 1454 datarum²
1278 1399 1300 1474 ).
1344 1401 1411 1461 Tri-

99 1491 227 1546 bonatum
246 1490 346 1565 plebis
368 1490 469 1547 omisit
490 1489 622 1546 adlectus
644 1489 721 1546 inter
742 1490 919 1548 tribunicios
942 1492 1010 1548 ab
1001 1501 1189 1568 imperatore.
1232 1497 1306 1556 Mox
1327 1510 1414 1577 gesta

98 1596 225 1664 praetura
245 1589 358 1666 legioni
373 1587 417 1646 Vl
437 1588 576 1660 ferratae,
598 1605 674 1663 quae
696 1606 732 1646 eo
754 1597 887 1665 tempore
908 1591 940 1649 in
961 1591 1074 1649 Iudaea
1095 1603 1169 1666 erat,
1191 1595 1309 1672 legatus
1327 1619 1413 1676 prae-

98 1689 154 1746 fuit.
193 1689 256 1747 Iam
279 1707 351 1748 vero
377 1707 453 1765 quae
479 1697 643 1764 sequuntur
669 1689 760 1746 verba
787 1691 919 1748 ordinato
944 1695 974 1748 ia
999 1691 1101 1750 Gallio
1122 1705 1155 1752 ot
1174 1700 1299 1773 quiaque
1311 1703 1413 1775 saccea

98 1789 159 1865 quid
178 1790 353 1866 significent,
374 1789 586 1866 explicandum
608 1795 660 1848 est.
698 1786 770 1850 Sine
791 1789 882 1846 dubio
904 1809 964 1848 non
986 1792 1042 1849 hoc
1064 1795 1234 1854 enuntiatur
1252 1798 1413 1876 imperato·

97 1909 150 1948 rem
169 1891 199 1948 in
219 1888 325 1950 Gallia
345 1899 509 1947 morantem
530 1889 677 1948 Postumo
699 1907 806 1946 munus
829 1889 952 1964 aliquod
973 1891 1172 1967 impertivisse
1193 1914 1260 1954 cum
1282 1901 1414 1978 quinque

97 1990 208 2048 fascium
228 1991 295 2048 iure
320 1991 523 2061 coniunctum,
551 2007 619 2048 cum
640 1989 787 2046 eiusmodi
808 1989 1012 2068 interpretatio
1035 1997 1065 2049 et
1086 1993 1234 2055 similibus
1255 1998 1413 2060 locutioni·

96 2091 144 2148 bus
164 2091 315 2148 contraria
336 2089 413 2166 siti)
435 2091 554 2164 etipsa
576 2089 720 2159 absurda3
743 2105 839 2164 neque
861 2091 939 2147 enim
962 2091 1001 2148 ad
1020 2111 1082 2150 rem
1104 2095 1241 2170 pertinet,
1264 2107 1363 2159 utrum
1382 2105 1414 2161 iu

98 2189 188 2249 Gallia
211 2209 250 2249 an
279 2191 311 2249 in
332 2191 405 2249 urbe
425 2190 601 2249 beneficium
623 2190 661 2247 ab
682 2191 863 2264 imperatore
885 2191 1064 2249 conferatur.
1107 2192 1176 2253 Hoc
1196 2198 1295 2272 posito
1317 2203 1416 2276 sequi-

97 2292 238 2349 turrerba
259 2290 300 2349 de
322 2291 430 2367 quibus
452 2291 569 2368 agimus
592 2308 653 2348 non
675 2288 881 2364 coniungenda
902 2308 969 2348 esse
991 2309 1058 2348 cum
1078 2291 1118 2351 iis
1140 2311 1215 2370 quac
1233 2302 1417 2372 praecedunt

92 2394 177 2467 praej.
199 2395 301 2451 aerari
320 2391 411 2459 milit,
432 2409 499 2449 cum
521 2409 558 2448 ea
578 2390 766 2468 praefectura
786 2390 818 2447 in
839 2391 912 2449 urbe
934 2390 1137 2450 administrari
1154 2394 1299 2470 debuerit,
1319 2403 1414 2462 multo

96 2492 182 2551 minus
207 2511 278 2551 cum
303 2492 342 2550 iis
368 2510 444 2567 quae
472 2498 637 2566 sequuntur
662 2490 699 2548 da
724 2489 874 2565 legatione
901 2491 1066 2566 legionario
1087 2491 1295 2558 administrata
1314 2500 1346 2559 in
1367 2503 1415 2560 Iu-

96 2591 170 2666 daea,
191 2593 244 2652 sed
268 2609 404 2652 seorsum
426 2590 610 2666 accipienda,
631 2597 664 2649 ut
685 2591 852 2667 significent
869 2607 978 2648 munus
998 2591 1075 2650 inter
1093 2593 1275 2670 legationem
1288 2599 1417 2676 legionis

96 2699 122 2750 ct
143 2694 361 2769 praefecturam
387 2693 496 2750 aerarii
520 2691 738 2767 interpositum.
782 2689 849 2750 Nec
870 2707 978 2748 munus
1000 2691 1076 2748 illud
1096 2693 1185 2768 plane
1205 2695 1340 2772 ignotum
1361 2711 1416 2776 est,

96 2791 177 2852 immo
202 2802 276 2871 post
302 2812 351 2864 ea,
378 2811 455 2869 quae
481 2791 518 2849 de
544 2790 841 2868 quinquefascaiibus
869 2791 941 2849 olim
967 2790 1054 2851 docui
1064 2791 1109 2868 4),
1136 2795 1192 2854 hoc
1213 2817 1305 2856 unum
1327 2819 1417 2877 quae-

96 2895 209 2952 rendum
231 2899 382 2972 superest,
409 2899 508 2950 utrum
530 2891 743 2968 intellegantur
763 2891 822 2950 hoc
842 2890 909 2948 loco
930 2891 1022 2967 legati
1043 2894 1174 2970 Augusti
1195 2899 1417 2972 provinciarum

96 2997 239 3070 praetorii,
263 2995 457 3070 magistratus
479 3011 512 3050 re
533 2999 612 3050 certe
634 2989 788 3062 ordinarii,
811 3009 850 3048 an
871 2990 963 3068 legati
978 2991 1110 3069 Augusti
1132 3004 1219 3056 extra
1237 2998 1371 3061 ordinem
1385 3004 1418 3062 iu

96 3096 258 3171 provincias
287 3094 453 3153 senatorias
480 3092 580 3162 missi;
609 3110 679 3149 nam
706 3099 767 3149 tam
794 3091 854 3150 illis
875 3109 965 3167 quam
987 3091 1034 3148 his
1056 3093 1187 3171 quinqua
1207 3097 1306 3158 fasces
1327 3103 1419 3162 tribui

96 3196 231 3256 solebant.
279 3194 407 3253 Videtur
434 3200 532 3251 autem
553 3193 717 3250 Postumus
743 3210 782 3250 ex
807 3192 864 3250 hoc
890 3209 998 3266 genere
1023 3194 1118 3268 magis
1144 3194 1240 3256 fuisse
1267 3217 1357 3274 quam
1378 3223 1418 3262 ex

96 3297 151 3355 illo.
184 3296 268 3356 Nam
290 3295 406 3370 legatus
421 3293 553 3368 Augusti
575 3292 638 3350 sive
660 3291 916 3368 quinquefascalis
933 3291 1103 3374 provinciae
1118 3291 1330 3373 Lugdunensis
1344 3303 1419 3361 mire

95 3397 235 3457 diceretur
266 3397 416 3454 ordinatae
438 3397 469 3450 io
493 3392 594 3452 Gallio
615 3393 656 3449 od
676 3396 799 3468 quiaque
813 3393 928 3464 soacea3
956 3399 1061 3448 contra
1086 3411 1122 3451 ea
1143 3395 1322 3470 significatio
1344 3405 1418 3462 satis

96 3507 224 3559 accurate
252 3495 418 3572 respondet
443 3491 580 3554 Graecae
607 3486 676 3575 aptis
704 3481 784 3547 πέντε
812 3481 944 3570 ῥάβδους
971 3481 1119 3565 πεμφθεὶς
1146 3493 1185 3552 εἷς
1213 3492 1417 3578 Barbariana).

94 3597 194 3675 Itaque
221 3597 295 3656 talis
323 3595 455 3654 muneris
483 3595 611 3669 primum
640 3591 811 3668 exemplum
835 3587 944 3648 Latine
972 3590 1117 3665 scriptum
1141 3593 1246 3654 titulus
1272 3595 1418 3660 Cirtensis

96 3699 308 3757 subministrat.

166 3889 189 3950 ¹)
220 3889 263 3940 Cf.
279 3884 437 3938 Stactarecbt
450 3889 475 3948 1,
489 3887 551 3937 449.
583 3863 672 3937 'Omist
690 3885 727 3934 ibi
745 3885 831 3934 locum
849 3885 916 3933 vitae
930 3883 1019 3935 Severi
1039 3886 1091 3934 ci
1111 3900 1193 3950 nuper
1212 3891 1313 3954 egregie
1332 3905 1419 3944 emen.

94 3981 177 4030 datum
190 3981 222 4030 ab
236 3978 413 4029 Hirschfeldio
432 3976 549 4038 (Hermes
559 3976 585 4038 3,
596 3975 669 4038 230),
688 3976 733 4025 ubi
746 3981 866 4026 narratur
878 3975 1002 4027 Severum
1015 3981 1177 4038 quaesturam
1190 3981 1318 4044 accepisse
1331 3985 1420 4035 omisso

95 4070 220 4122 tamtam
238 4069 356 4119 militari.

166 4159 191 4224 ²)
220 4162 331 4212 Houzen
348 4159 375 4209 in
395 4173 456 4208 anu.
475 4159 534 4206 inst.
555 4157 624 4208 arob.
647 4157 725 4218 1851,
747 4157 790 4206 25.

167 4249 193 4312 3)
222 4252 350 4314 Intellego
368 4250 470 4298 titulum
484 4247 564 4298 Orell.
578 4247 649 4298 3456
664 4265 698 4287 =
712 4244 781 4296 Ball.
795 4239 854 4295 dall’
869 4244 933 4294 Iasi.
949 4245 1019 4295 1845
1032 4261 1058 4310 p.
1070 4247 1122 4296 137
1141 4247 1185 4309 (cf.
1197 4249 1292 4300 ibidem
1305 4268 1331 4316 p.
1344 4253 1421 4316 132)2

95 4339 150 4392 Sea.
171 4341 264 4392 Aetrto
350 4337 444 4389 Feroci
463 4338 603 4388 centurioni
626 4337 751 4404 Iep(ioais)
770 4335 804 4385 II
823 4333 952 4385 Troianae
967 4334 1063 4399 sortia:
1087 4335 1146 4387 duic
1163 4339 1248 4404 primo
1270 4343 1374 4393 omnium
1393 4357 1424 4394 aa

95 4430 288 4494 cornical(ario)
305 4429 453 4497 proejieetr')
472 4427 596 4494 trigidum)
610 4429 669 4494 imp.
685 4425 780 4476 Ouarar
792 4425 933 4475 Antoninus
945 4425 1013 4490 Aop.
1025 4424 1090 4476 Piae
1102 4442 1132 4493 p.
1145 4443 1175 4494 p.
1189 4429 1299 4480 ordinem
1311 4429 1422 4484 Alexan·

95 4521 167 4574 dadae
186 4521 266 4573 dedit.
303 4521 433 4572 Nimirum
454 4519 581 4582 legionem
606 4519 677 4567 illam
696 4524 785 4566 notum
804 4523 843 4566 est
861 4517 1003 4566 constitisse
1021 4515 1206 4568 Alexandriae.
1246 4519 1423 4574 conferendus

95 4621 133 4663 est
152 4615 232 4664 etiam
252 4612 340 4661 titulus
358 4610 476 4660 Henzeni
493 4625 519 4660 n.
534 4609 620 4659 6773:
641 4623 671 4658 ee
690 4607 737 4673 leq.
756 4603 812 4656 VII
830 4603 868 4656 Ol.
888 4605 1020 4656 ordinatos
1037 4610 1050 4653 7
1069 4607 1096 4656 io
1116 4607 1164 4673 lep.
1183 4607 1250 4660 IIII
1265 4609 1334 4677 Sept.
1353 4615 1423 4664 simi.

94 4704 182 4769 lesque
201 4719 229 4753 n.
245 4702 325 4752 6772.
339 4701 419 4752 6774.

171 4792 198 4855 ⁴)
228 4789 346 4843 Berictte
363 4789 408 4840 der
422 4787 509 4840 aricia
532 4785 666 4838 Geaelleelr.
688 4787 757 4838 1852
777 4801 803 4851 p.
818 4787 880 4836 227.
914 4783 1115 4849 Stootareoltl,
1131 4788 1193 4839 308.

173 4881 198 4944 ⁵)
229 4879 556 4933 0.1.Gr.4033.4034.
594 4868 1179 4948 81ωο11ο101057,17;ταῖς1ν”τῃἈοίᾳ
1197 4868 1290 4931 πέλοοι
1307 4877 1426 4942 tuirriaco

95 4990 139 5022 του
164 4968 277 5040 σεισμοῦ
296 4961 503 5029 κακωθείσαις’
488 4987 546 5039 ονηρ
571 4958 753 5037 ἐστρατηγηκως
771 4954 816 5018 miv
833 4961 903 5016 aiore
923 4953 1079 5036 ῥαβδοῦχοις
1096 4984 1114 5016 π
1115 4959 1276 5041 perscripsit.
1315 4974 1356 5026 cr*
1375 4967 1428 5026 Ta:

98 5064 163 5115 citus
181 5077 247 5115 aun.
266 5061 292 5126 2,
311 5063 353 5112 17.
