3654 6072
335 576 384 648 74
908 587 1090 641 uouusuu

433 761 539 832 Lipsiae
552 779 583 832 p.
596 759 641 814 32.
679 763 798 831 Spoletii.
1087 757 1158 810 Grac
1174 755 1287 819 101⁶,s
1312 775 1342 810 es
1364 755 1518 810 Ursininais.
1554 760 1666 826 Spoleti.

671 872 720 923 Dis
739 871 813 935 Syria
1288 868 1337 918 Dis
1356 869 1429 932 Syris

657 963 687 1015 C.
706 963 826 1014 Albitius
1224 958 1257 1020 Q.
1277 959 1400 1010 Albinius
1419 959 1451 1022 Q.
1471 961 1488 1010 1.

629 1055 659 1105 C.
678 1056 696 1104 1.
715 1054 859 1105 Restitutus
1286 1050 1429 1102 Restitutns

979 1119 983 1124 Ι
1295 1156 1328 1191 ex
1347 1143 1418 1191 iussu

1270 1233 1446 1284 LomU

1313 1323 1400 1388 posuit

1320 1416 1338 1465 1.
1359 1432 1393 1466 m.

441 1529 473 1579 In
495 1528 580 1592 lapide
600 1534 626 1577 et
643 1526 701 1591 ipso
721 1523 820 1590 Spalati
838 1523 901 1573 mihi
921 1523 975 1572 viso
995 1521 1158 1584 (111,1961)
1178 1537 1238 1572 vere
1257 1522 1295 1573 sic
1314 1531 1364 1575 est:
1389 1522 1431 1574 dis
1451 1521 1546 1590 Syrasl
1566 1521 1593 1574 0.
1613 1522 1663 1574 As-

444 1617 530 1670 bucius
546 1617 551 1684 Ι
570 1615 597 1668 0.
615 1617 632 1668 l.
652 1615 799 1666 Restitutus.

332 1769 464 1830 Possum
485 1769 593 1829 addere
618 1770 683 1828 eius
704 1767 823 1844 generis
845 1765 919 1838 alie3
941 1765 994 1824 sed
1015 1765 1088 1824 baec
1110 1784 1197 1842 quem
1219 1785 1281 1824 non
1302 1765 1454 1838 edoceant,
1477 1784 1515 1824 ne
1535 1766 1562 1824 is
1584 1763 1665 1822 diffi-

333 1873 427 1932 culter
448 1873 553 1946 sapiet.

417 1972 445 2031 6.
487 1973 616 2030 Restant
635 1969 740 2030 Ursini
766 1969 898 2028 urbanae
923 1986 1047 2026 numero
1073 1968 1200 2040 multae,
1229 1969 1283 2028 sed
1308 1968 1543 2028 dubitationibus
1566 1968 1666 2046 magis

332 2074 482 2134 obnoxiae
504 2091 594 2149 quam
617 2079 686 2130 sunt
706 2069 828 2129 fraudes
850 2087 942 2145 supra
957 2076 1109 2128 tractatae.
1145 2069 1280 2129 Primum
1296 2075 1364 2129 cuni
1380 2070 1562 2140 Metelliana,
1584 2087 1666 2146 quae

331 2173 471 2251 leguntur
497 2173 577 2250 apud
600 2171 776 2243 Gruterum,
805 2171 906 2228 omnia
931 2170 969 2228 ad
995 2190 1062 2229 eum
1089 2190 1143 2247 per
1165 2170 1396 2231 Gutenstenium
1418 2170 1574 2230 rideantur
1596 2189 1664 2246 per·

332 2275 462 2348 venisse,
483 2274 712 2356 Ursinianorum
734 2279 849 2349 partem
871 2288 963 2348 supra
977 2271 1104 2330 vidimus
1127 2291 1193 2330 eum
1208 2273 1360 2348 accepisse
1375 2290 1435 2330 non
1447 2271 1666 2332 interveniente

334 2374 543 2435 Gutenstenio.
580 2373 680 2447 Quare
701 2372 763 2445 ubi,
786 2383 819 2431 ut
840 2381 967 2454 pportet,
994 2371 1033 2430 ed
1054 2391 1090 2429 ea
1111 2379 1225 2431 tantum
1240 2373 1432 2444 attendimus,
1454 2391 1530 2448 quae
1546 2367 1688 2432 Guten·'

333 2476 422 2535 stenii
447 2495 555 2535 nomen
581 2474 764 2551 adscriptum
790 2474 912 2545 habent,
940 2473 1130 2532 inveniuntur
1155 2474 1186 2531 in
1213 2475 1253 2534 iis
1278 2475 1392 2533 inedita
1412 2493 1449 2532 eo
1476 2481 1611 2550 tempore
1633 2481 1666 2532 et

332 2578 420 2648 bons,
442 2585 475 2636 ut
495 2577 600 2636 titulus
621 2575 710 2634 hodie
723 2575 821 2633 musei
835 2573 972 2633 Vaticani
987 2574 1042 2644 VI,
1058 2573 1118 2634 235
1135 2600 1172 2624 ==
1189 2573 1277 2634 Grut.
1296 2575 1364 2646 109,
1381 2576 1398 2634 7
1419 2571 1446 2632 ‘a
1460 2572 1664 2634 Gutenstenio

333 2697 373 2737 ex
393 2679 468 2736 Hor.
482 2677 601 2737 Vallaei
627 2685 658 2735 et
678 2675 779 2734 Fulvii
795 2674 901 2733 Ursini
922 2670 1134 2751 autographis,
1156 2693 1338 2752 quamquam
1360 2675 1409 2734 hic
1430 2693 1550 2751 quoque
1572 2694 1665 2734 versu

332 2779 517 2854 paenultimo
531 2797 588 2856 pro
603 2778 727 2837 Cessare
746 2775 924 2860 Vespasiano
941 2775 993 2845 VI,
1017 2775 1078 2834 Tito
1095 2776 1217 2835 Cessare
1238 2781 1306 2853 imp.
1322 2777 1398 2834 ΙΙΙΙ
1415 2795 1471 2834 cos.
1493 2777 1572 2834 male
1587 2776 1664 2853 legi·

332 2887 382 2939 tur
403 2883 469 2954 imp.
492 2879 609 2956 Vesper.
628 2879 681 2950 VI,
705 2877 825 2936 Caisore
839 2877 901 2934 Tito
915 2877 991 2934 IIII
1000 2895 1072 2948 oos.;
1095 2877 1171 2936 alter
1191 2877 1280 2935 hodie
1302 2879 1398 2937 musei
1420 2877 1586 2936 Florentini
1605 2879 1663 2951 VI,

334 2978 655 3052 551=Grur.93‚6
681 2975 705 3036 ‘e
727 2978 845 3037 schedis
866 2977 971 3038 Ursini
993 2973 1226 3049 Gutenstenius',
1256 2979 1423 3056 descriptus
1450 2998 1489 3038 ex
1516 2979 1584 3056 ipso
1605 2979 1663 3038 illo

334 3081 436 3140 codice
447 3079 552 3140 Ursini
566 3079 796 3158 Ligorianorum
810 3076 880 3137 vat.
897 3079 988 3150 3439,
1011 3079 1068 3138 etsi
1089 3079 1179 3138 etiam
1200 3079 1241 3138 ibi
1257 3098 1311 3154 pro
1325 3080 1432 3157 Nymp.
1448 3099 1527 3138 sanc.
1547 3078 1664 3139 Guten·

334 3181 447 3241 stenius
469 3181 551 3240 dedit
571 3181 671 3257 Nyms.
693 3197 783 3251 sacr.;
806 3180 912 3238 tertius
934 3179 994 3252 Vl,
1010 3179 1069 3239 622
1087 3205 1124 3230 =
1143 3179 1229 3240 Grut.
1247 3181 1332 3253 63,4
1357 3177 1383 3238 ‘a
1403 3181 1514 3240 Fulvio
1535 3179 1662 3253 Ursino,

333 3283 516 3360 descriptore
537 3274 754 3352 Gutenstenio’,
780 3279 811 3338 in
836 3298 896 3356 quo
918 3288 1017 3338 tamen
1042 3282 1131 3340 etiam
1158 3282 1301 3342 audacius
1322 3291 1440 3356 praeter
1461 3281 1522 3339 alia
1542 3282 1662 3340 minora

332 3393 403 3462 post
424 3385 516 3443 verba
541 3387 652 3459 siparum
675 3381 790 3441 Siluani
810 3383 890 3439 idem
911 3382 1038 3440 inseruit
1059 3391 1085 3439 et
1104 3382 1251 3440 Herculis.
1295 3382 1394 3440 Etiam
1415 3383 1521 3441 titulus
1542 3387 1662 3460 imperio

333 3487 440 3544 domiai
467 3483 584 3542 Siluani
609 3483 761 3541 dedicatus
790 3482 818 3540 lc.
846 3482 955 3541 Martis
983 3482 1018 3541 P.
1042 3482 1169 3542 Caluisio
1195 3485 1311 3542 Rusone
1331 3483 1370 3540 L.
1396 3484 1550 3543 Caesennio
1571 3485 1661 3544 Paeto

333 3605 389 3648 cos.
417 3605 436 3644 a
458 3583 589 3646 Grutero
614 3585 743 3662 primum
768 3583 865 3642 editus
889 3583 938 3654 64,
959 3583 976 3642 9
1003 3601 1070 3642 cum
1097 3583 1317 3661 subscriptione
1341 3580 1387 3642 ‘ex
1408 3584 1512 3644 Ursini
1539 3585 1658 3646 schedis

332 3681 556 3748 Gutenstcnins'
578 3704 639 3744 non
667 3685 732 3744 siue
752 3702 843 3742 causa
863 3685 893 3742 in
914 3684 1117 3761 suspicionem
1139 3695 1262 3743 vocatus
1284 3693 1342 3756 est3
1370 3684 1422 3743 sed
1444 3693 1525 3746 recte
1545 3687 1606 3744 iam
1627 3688 1660 3746 in

332 3785 468 3864 Corpore
486 3786 547 3857 VI,
567 3786 626 3843 597
652 3786 751 3843 locum
778 3793 877 3844 tuetur
903 3785 1044 3844 defensus
1070 3793 1188 3860 praeter
1214 3783 1444 3844 Guteustenium
1474 3792 1504 3844 et
1530 3789 1659 3848 testibus

331 3888 400 3946 fidei
426 3887 567 3946 indubiae
587 3885 697 3962 Pighio
724 3894 754 3943 et
774 3885 918 3961 Winghio
944 3885 1069 3962 stipsis
1091 3886 1247 3944 consulum
1268 3887 1438 3946 nominibus
1460 3887 1498 3946 ab
1519 3888 1558 3947 iis
1581 3907 1658 3965 quae

331 3987 488 4060 maduntur
514 3986 594 4063 apud
613 3985 755 4046 Tacitum
778 3987 817 4045 ad
838 4006 864 4047 a.
881 3987 918 4045 61
935 4005 964 4062 p.
981 3985 1052 4045 chr.
1080 4005 1148 4043 ann.
1172 3987 1219 4057 14,
1233 3987 1274 4046 29
1296 3988 1340 4046 ite
1361 3987 1503 4059 diversIs,
1529 3998 1562 4047 ut
1583 3991 1657 4049 alte·

329 4089 394 4148 rius
417 4087 594 4146 vocabulum
613 4087 714 4164 lapide
734 4093 814 4146 recte
834 4087 1014 4164 corrigatur,
1043 4087 1186 4158 alterum,
1216 4089 1267 4164 qui
1294 4088 1374 4164 apud
1399 4087 1540 4148 Tecitum
1561 4089 1656 4150 diver-

331 4207 384 4248 sus
412 4197 473 4260 est,
503 4197 571 4247 ante
597 4196 714 4264 tempus
743 4205 946 4246 successorem
974 4189 1118 4248 habuisse
1143 4189 1248 4248 eodem
1274 4198 1397 4248 auctore
1425 4208 1449 4248 u
1466 4189 1506 4250 39
1529 4198 1655 4250 constet.

329 4291 468 4368 Denique
494 4297 562 4348 acte
582 4289 737 4347 Arvalium
764 4308 790 4346 a.
807 4289 846 4347 87
869 4298 937 4348 ante
963 4291 1018 4348 hos
1044 4308 1156 4366 paucos
1183 4309 1277 4349 annos
1304 4291 1461 4349 eruderate
1485 4309 1552 4348 cum
1579 4292 1656 4350 inter

330 4402 469 4469 quattuor
496 4408 606 4467 pueros
631 4389 744 4447 ordinis
772 4391 914 4448 senatorii
943 4391 1097 4449 nominent
1121 4392 1247 4448 liaconis
1274 4392 1308 4450 P.
1337 4392 1508 4463 Calvisium,
1536 4410 1655 4450 omnem

329 4491 367 4551 de
392 4493 447 4552 illo
474 4491 563 4550 titulo
590 4491 764 4568 scrupulum
791 4493 981 4562 exemerunt,
1013 4509 1080 4550 cum
1108 4499 1227 4568 praeter
1254 4509 1291 4549 en
1317 4493 1497 4568 titulumque
1522 4511 1591 4551 eum
1619 4494 1656 4552 de

329 4613 389 4670 quo
411 4595 528 4670 agimus
549 4593 581 4650 id
601 4611 709 4650 nomen
730 4609 878 4668 nusquam
899 4593 995 4650 adhuc
1015 4592 1168 4652 inventum
1184 4593 1232 4652 sit.
1266 4591 1405 4652 Ceterum
1420 4613 1457 4651 ne
1471 4593 1503 4650 in
1516 4593 1575 4655 hoc
1589 4595 1655 4670 qui·

329 4693 396 4752 dem
412 4693 628 4762 Gutenstenius
650 4693 697 4752 sui
717 4693 874 4754 dissimilis
894 4694 962 4766 iuit3
985 4713 1054 4752 nam
1075 4703 1193 4768 praeter
1213 4693 1275 4753 alia
1295 4695 1410 4753 minora
1430 4695 1482 4753 ubi
1502 4695 1534 4778 in
1554 4695 1655 4776 lapide

328 4803 377 4854 est
396 4798 582 4852 murmuravit
601 4793 747 4852 vocabulo
772 4789 891 4852 rariore
907 4793 1039 4854 offensus
1062 4801 1149 4852 caute
1170 4793 1251 4853 dedit
1272 4814 1478 4867 mormor....,
1500 4795 1547 4855 bis
1569 4815 1653 4874 repe·

329 4894 413 4952 titam
439 4893 614 4970 particulam
640 4897 705 4954 item
729 4893 822 4954 altero
848 4893 913 4953 loco
941 4879 1059 4954 delevit.
1103 4893 1164 4955 Sed
1185 4914 1251 4954 cum
1272 4897 1321 4955 vel
1341 4897 1415 4956 haec
1436 4897 1596 4956 ostendunt
1616 4917 1653 4957 ne

327 4993 465 5072 genuinis
487 4995 608 5070 quidem
629 4995 778 5055 hominem
799 4997 983 5074 pepercisse,
1006 4996 1059 5054 alii
1080 4996 1159 5055 tituli
1180 4996 1277 5075 ipsius
1298 4997 1365 5057 sola
1390 4998 1568 5057 auctoritate
1590 5018 1652 5056 mu·

327 5095 384 5154 niti
409 5112 506 5172 nugae
533 5104 603 5154 sunt
628 5115 737 5155 merae.
784 5096 934 5174 Exempla
960 5115 1056 5174 pauca
1081 5097 1178 5158 adieci
1204 5099 1282 5158 forte
1308 5106 1427 5177 arrepta
1453 5100 1532 5158 inter
1559 5099 1652 5158 multa

328 5212 388 5253 non
408 5195 534 5255 meliora
553 5195 602 5255 vel
619 5197 712 5256 etiam
733 5181 852 5274 peiores
