3568 6070
579 593 876 648 ossnnvsrrouns
893 593 1011 646 arms.
1033 593 1096 648 vn.
1427 581 1497 652 137

173 765 341 824 stituuntur
362 764 520 835 ordinarii,
541 770 640 822 tamen
662 765 693 822 in
715 765 789 823 actis
810 765 938 842 publicis
960 763 1063 840 populi
1084 765 1213 824 Romani
1235 766 1274 824 ad
1295 769 1384 826 linem
1404 787 1501 845 usque

68 938 71 943 Ι
176 855 294 924 saeculi
317 865 439 924 secundi
456 882 521 922 mos
538 864 654 922 videtur
674 865 850 941 perdurasse
872 865 1120 924 enuntiandarum
1139 867 1295 926 consulum
1316 887 1427 941 eorum,
1449 872 1501 945 qui

171 955 236 1022 tum
256 965 357 1024 fasces
377 957 522 1042 gererent.
565 963 654 1024 Certe
675 966 707 1023 in
728 965 901 1042 diplomatis
928 974 1133 1025 veteranorum
1155 967 1271 1026 suffecti
1291 971 1502 1028 continuantur

171 1066 209 1124 ad
230 1074 371 1143 tempora
391 1083 487 1142 usqne
502 1065 595 1124 Marci
610 1073 640 1122 et
654 1063 740 1135 Veri;
763 1071 867 1123 contra
880 1065 1044 1141 diplomata
1064 1085 1091 1124 a.
1108 1065 1168 1124 247
1185 1047 1214 1125 et
1229 1066 1288 1126 249
1311 1068 1396 1144 (nam
1411 1072 1501 1130 medii

170 1168 319 1242 temporis
347 1185 424 1242 quae
449 1166 570 1242 quidem
595 1166 654 1224 huc
679 1166 847 1240 pertineant
874 1167 959 1224 nulla
985 1166 1146 1242 habemus)
1174 1170 1344 1244 praeteritis
1370 1171 1500 1230 suffectis

171 1261 344 1326 ordinarios
365 1274 481 1342 ponunt
503 1267 562 1342 (111
583 1259 613 1343 p.
629 1266 714 1343 913).
756 1267 832 1324 Item
857 1267 888 1323 in
910 1267 985 1326 actis
1006 1268 1165 1326 Arvalium
1186 1287 1254 1326 oum
1276 1270 1323 1327 vel
1345 1268 1501 1330 Commodi

170 1373 282 1439 aetate,
306 1367 358 1425 ubi
380 1357 455 1444 opus
475 1357 533 1438 est,
554 1358 744 1425 nominentur
758 1366 885 1439 suffecti,
907 1385 986 1425 anno
1004 1375 1083 1426 certe
1098 1367 1158 1426 214
1179 1386 1234 1443 pro
1250 1371 1383 1428 suffectis
1397 1371 1501 1449 legun-
1535 1387 1539 1394 '

170 1477 220 1525 tur
246 1468 442 1544 ordinarii1).
493 1466 624 1526 Omnino
652 1469 725 1526 haec
751 1468 943 1527 suffectorum
969 1487 1008 1526 ex
1035 1467 1171 1543 legitima
1198 1470 1268 1526 anui
1295 1471 1502 1547 designatione

170 1569 314 1645 expulsio
336 1578 366 1627 et
387 1561 559 1638 consulum,
585 1587 604 1626 a
625 1559 735 1645 quibus
757 1585 853 1628 annus
874 1568 992 1646 incipit,
1014 1575 1101 1628 aucta
1120 1569 1346 1632 honorificentia
1367 1580 1397 1632 et
1418 1593 1451 1632 re
1471 1583 1502 1632 et

171 1676 309 1744 tempore
331 1669 507 1728 coniunctae
526 1669 654 1727 fuerunt.

334 1772 393 1841 15.
442 1766 628 1841 Pontifex.

335 1890 394 1960 16.
446 1887 586 1986 Augur.

258 2006 436 2068 Sacerdotis
455 2009 530 2067 haec
552 2026 612 2083 quo
635 2017 767 2086 tempore
788 2007 920 2070 Sabinus
942 2007 1068 2086 adeptus
1091 2010 1131 2068 sit
1152 2028 1219 2068 cum
1240 2009 1425 2087 ignoremus,
1450 2014 1500 2072 hic

171 2107 210 2166 iis
231 2107 337 2169 locum
359 2107 494 2168 dedimus
516 2109 805 2185 postconsulatum.

333 2212 392 2282 17.
443 2207 562 2281 Iudex
579 2232 628 2280 ex
641 2207 933 2306 dele[g(atione)]
953 2207 1235 2307 cognitionmm)
1249 2208 1461 2308 Caesarian(
1484 2255 1499 2266 -

443 2327 544 2424 rum)
561 2362 612 2392 =
636 2327 768 2426 [ludex
785 2327 845 2425 ex]
867 2328 1082 2425 delegatu2)
1102 2327 1340 2428 [plrineipum
1358 2331 1396 2404 in
1414 2357 1500 2430 pro-

443 2446 563 2522 vincia
590 2447 822 2545 [Dalmatial,
849 2447 938 2520 item
955 2447 1205 2544 Pannoniaei]
1232 2448 1474 2547 inferiorisss).

257 2567 313 2628 Sic
338 2570 395 2627 hoc
422 2569 554 2627 officium
575 2568 773 2644 perscriptum
795 2568 913 2626 videtur
936 2567 1031 2627 fuisse
1051 2570 1083 2627 in
1104 2568 1198 2627 titulis
1219 2569 1337 2652 duobus
1358 2572 1502 2646 Aquinati

175 2675 204 2727 et
231 2667 385 2742 Casinati,
412 2670 472 2728 nisi
497 2669 578 2744 quod
604 2669 823 2745 provinciarum
849 2670 972 2727 nomina
997 2687 1074 2744 quae
1100 2669 1131 2725 in
1157 2669 1213 2728 hoc
1238 2671 1391 2746 perierunt
1417 2671 1501 2747 (nam

175 2770 250 2829 duas
273 2771 443 2830 nominatas
464 2769 559 2828 fuisse
581 2788 620 2827 ex
635 2770 733 2844 spatio
748 2769 911 2845 colligitur)
933 2777 1014 2827 certa
1027 2770 1143 2828 ratione
1157 2773 1328 2846 recuperari
1342 2782 1501 2848 nequeunt.

175 2870 335 2946 Principes
362 2870 413 2946 qui
438 2870 469 2926 iu
493 2871 550 2928 hoc
571 2869 762 2928 nominantur
783 2889 850 2928 cum
871 2888 939 2928 esse
961 2889 1020 2928 non
1042 2870 1312 2949 possint.Augusti
1333 2873 1391 2930 duo
1413 2875 1503 2932 simul

175 2981 337 3048 regnantes
367 2971 454 3046 (nam
483 2969 670 3031 Caracallum
700 2977 729 3028 et
757 2968 867 3030 Getam
894 2969 1046 3047 expeditio
1075 2968 1254 3030 Germanica
1282 2991 1309 3030 a.
1330 2972 1389 3031 213
1417 2993 1503 3050 prae·

176 3073 287 3130 cedens
309 3072 455 3144 excludit,
478 3071 640 3130 Balbinum
662 3079 691 3128 et
711 3071 880 3150 Pupienum
902 3071 973 3128 anni
994 3071 1063 3145 plus
1086 3071 1192 3148 viginti
1211 3072 1407 3149 interpositi),
1427 3074 1503 3133 Bor·

176 3173 301 3248 ghesius
327 3173 453 3232 coniecit
478 3191 546 3230 eum
572 3172 609 3230 de
634 3190 694 3248 quo
721 3172 819 3249 agitur
844 3173 902 3230 boc
923 3171 1021 3229 officio
1042 3171 1177 3230 functum
1198 3190 1267 3232 esse
1288 3180 1318 3231 et
1338 3174 1503 3250 imperante

177 3274 315 3333 Macrino
336 3281 366 3332 et
386 3274 551 3348 imperante
572 3272 789 3349 Elagabalo4).
832 3274 876 3330 At
895 3291 963 3330 cum
983 3272 1015 3329 in
1035 3271 1183 3346 legatione
1203 3270 1307 3332 Sabini
1328 3274 1503 3334 Pannonica

177 3383 278 3450 gesta,
304 3380 338 3432 ut
365 3373 444 3432 infra
467 3373 649 3444 videbimus,
676 3373 840 3449 imperante
868 3373 1022 3430 etiamtum
1050 3369 1210 3430 Caracalla
1234 3373 1338 3431 titulus
1366 3375 1503 3450 Aquinas

178 3475 267 3533 finem
284 3475 384 3546 faciat,
406 3473 533 3533 Casinas
554 3493 592 3532 ne
613 3492 679 3532 eam
701 3473 821 3548 quidem
835 3472 953 3542 habeat,
974 3478 1099 3546 uterque
1112 3471 1216 3530 titulus
1231 3472 1384 3533 dedicatus
1400 3475 1440 3533 sit
1454 3495 1503 3532 ne-

178 3593 264 3634 cesse
286 3589 332 3634 est
352 3575 516 3652 imperante
531 3573 690 3633 Caracalla
710 3591 765 3632 nec
786 3591 862 3649 quae
882 3571 914 3628 in
936 3590 971 3630 eo
985 3572 1125 3649 leguntur
1139 3573 1178 3629 ad
1191 3573 1319 3632 Macrini
1333 3574 1381 3631 vel
1396 3575 1504 3651 Elaga-

178 3677 239 3734 bali
261 3685 398 3754 tempora
418 3676 537 3735 trahere
557 3675 636 3736 lieet.
673 3672 771 3748 Quam
794 3674 832 3732 ob
853 3692 916 3730 rem
938 3672 974 3731 de
996 3673 1052 3730 hac
1072 3671 1252 3732 iudicatione
1268 3691 1328 3732 non
1341 3674 1504 3750 videoque

259 3939 283 4001 ¹)
313 3941 382 3990 Haec
401 3941 555 4004 colliguntur
572 3941 685 3989 maxime
703 3951 736 3989 ex
754 3939 847 3989 tabulis
860 3937 996 3988 Arvalium
1008 3937 1163 3988 Marinianis
1181 3954 1207 3988 n.
1222 3939 1256 3988 32
1276 3955 1300 3989 a.
1315 3939 1367 3989 186
1386 3945 1412 3988 et
1429 3954 1455 3989 n.
1469 3939 1503 3989 39

182 4045 205 4080 a.
220 4032 276 4081 214
293 4031 360 4080 inter
378 4046 406 4080 se
426 4031 533 4080 collatis.
564 4031 685 4080 Fortasse
703 4029 801 4078 suffecti
820 4029 872 4078 iam
891 4035 1084 4093 praetereuntur
1102 4029 1130 4077 in
1149 4029 1212 4078 actis
1231 4044 1254 4079 a.
1269 4031 1322 4079 200
1341 4029 1384 4091 (of.
1398 4031 1505 4079 Henzen

183 4123 327 4172 analect
347 4137 373 4186 p.
387 4121 459 4184 288).
473 4146 506 4156 -
531 4122 562 4171 In
587 4120 703 4184 epistulis
724 4121 822 4170 duabus
841 4120 991 4184 pontificum
1009 4125 1035 4168 et
1052 4119 1189 4170 XVvirum
1207 4133 1231 4169 a.
1246 4119 1300 4171 155
1318 4119 1408 4180 (Orell.
1422 4118 1504 4180 4370)

183 4219 208 4261 et
225 4229 251 4263 a.
265 4213 317 4263 289
337 4212 428 4273 (Orell.
442 4211 569 4273 asseret
587 4211 714 4261 ordinarii
732 4211 912 4260 adscribuntur
932 4217 957 4260 et
975 4210 1082 4260 suffecti.

259 4299 284 4364 ²)
313 4302 353 4353 ct.
372 4303 499 4368 Ulpianus
517 4303 579 4366 Dig.
599 4303 643 4362 44,
657 4302 684 4363 4,
698 4303 724 4362 4,
739 4302 787 4352 26:
807 4317 838 4351 en
856 4299 973 4367 delegata
989 4300 1091 4366 pnpilli.

260 4391 285 4455 ³)
315 4393 380 4444 Cum
398 4394 515 4443 tradatur
532 4382 717 4452 lNFERtottls,
739 4397 768 4440 ut
786 4397 902 4441 extrema
919 4391 1004 4440 littera
1021 4391 1099 4440 hodie
1118 4390 1221 4439 deficiat
1239 4403 1286 4439 nec
1304 4393 1393 4438 testem
1411 4387 1506 4439 habeat

184 4486 233 4536 uisi
253 4484 392 4546 Gattolam,
412 4485 468 4534 fieri
485 4489 578 4548 potest,
597 4483 671 4532 utin
689 4482 776 4546 lapide
794 4481 872 4531 fuerit
891 4479 959 4543 [item
976 4479 1140 4542 Pannonici]
1159 4477 1312 4544 inferior[a].

260 4573 285 4636 4)
312 4577 342 4626 L.
367 4591 390 4624 c.
416 4573 450 4635 (v.
475 4589 500 4638 p.
516 4574 566 4624 181
592 4589 618 4623 n.
634 4572 677 4634 1):
707 4573 817 4636 Legatus
840 4573 984 4636 principum
1007 4572 1031 4620 si
1053 4567 1201 4635 referirelrlre
1220 4569 1252 4618 ni
1275 4567 1345 4618 beni
1366 4567 1456 4635 imperi
1478 4567 1508 4618 di

186 4663 302 4715 Macrino
326 4681 340 4715 e
362 4664 391 4714 dt
407 4661 564 4730 ΕΙαραόαῐο,
590 4657 732 4714 rt’enendo
755 4661 872 4712 ambedne
896 4661 925 4710 dt
944 4661 1058 4712 dannata
1075 4661 1205 4720 memoria,
1232 4675 1282 4710 non
1296 4645 1421 4726 potentino
1439 4657 1519 4708 indi:

187 4757 256 4806 carri
273 4771 299 4806 ae
317 4771 366 4806 non
385 4759 559 4806 orornamenta.
590 4754 717 4818 Exempla
734 4753 855 4818 pluratiri
873 4753 973 4802 numeri
990 4754 1027 4802 ita
1039 4752 1071 4801 de
1084 4751 1280 4816 imperatoribus
1293 4751 1344 4800 alio
1356 4755 1416 4815 post
1428 4751 1507 4802 alium
1583 4819 1585 4824 Ι

186 4847 369 4912 imperantibus
386 4847 502 4910 usurpati
520 4845 676 4910 Borghesius
694 4845 766 4894 nulla
783 4845 868 4894 attulit
884 4858 932 4894 uec
950 4843 1014 4893 mihi
1031 4848 1133 4908 praesto
1152 4848 1222 4904 sunt3
1242 4857 1302 4892 nam
1321 4842 1450 4892 diversum
1469 4847 1509 4892 est

188 4939 256 5002 qnod
280 4945 319 4988 est
340 4938 367 4987 in
390 4937 466 4986 titulo
484 4937 616 4988 Orelliano
635 4937 720 4986 3128:
744 4933 880 5002 placanter)
906 4933 961 4983 divi
982 4933 1112 5000 Anp(nstr)
1136 4940 1160 4983 et
1182 4931 1221 4982 Ti.
1245 4930 1363 4984 Caesaris
1383 4939 1409 4982 et
1427 4933 1507 4982 multo

188 5031 268 5094 magis
287 5029 356 5094 quod
375 5029 458 5078 estin
475 5028 642 5077 Henzeuianc
656 5025 740 5077 6483:
767 5025 848 5091 lepato
867 5023 975 5074 eiusdem
993 5023 1057 5085 <divi
1075 5023 1212 5086 Hadriani)
1230 5023 1265 5074 in'
1279 5021 1379 5084 Cilicia,
1401 5022 1505 5082 consuli,

190 5119 271 5186 tepnto
290 5120 317 5169 tn
332 5116 426 5169 Cilicia
443 5119 502 5184 imp.
516 5117 639 5167 Antonini
650 5117 717 5182 Any.
749 5116 849 5167 Graeca
867 5121 952 5165 autem
970 5115 1066 5166 locutio
1084 5115 1184 5177 similis,
1203 5115 1236 5165 de
1254 5130 1305 5181 qua
1322 5130 1400 5180 supra
1417 5130 1443 5178 p.
1455 5113 1507 5163 110

190 5212 307 5278 exposuit
324 5210 514 5275 Ditteuberger,
534 5209 569 5260 ad
587 5209 708 5261 Latinum
726 5223 800 5259 usum
817 5207 1036 5272 comprobandum
1055 5222 1108 5258 non
1126 5205 1196 5258 tacit.
