3654 6072
334 573 382 644 12
862 583 1134 636 appreensum
1570 585 1665 636 eros

333 689 486 700 --·--·——

333 762 374 822 61
394 762 426 820 in
447 762 516 837 ipsa
536 759 634 836 pinea.
677 756 842 816 Praeneste
862 757 894 815 in
916 756 1008 816 tundo
1030 754 1131 814 Hann.
1153 751 1342 813 Bemardini.
1378 752 1490 812 Adhuc
1511 753 1633 812 ibidem.

837 905 1160 950 thematis-rm

333 1031 512 1090 Bonannius
534 1029 617 1087 Ball.
642 1027 722 1087 1870
744 1047 773 1104 p.
793 1025 863 1086 106.

335 1239 382 1297 62
408 1239 440 1296 in
464 1237 531 1295 basi
553 1245 717 1312 protomae.
760 1234 925 1292 Praeneste
948 1235 981 1290 in
1007 1233 1189 1291 monasterio
1214 1239 1332 1311 patrum
1362 1231 1578 1290 trinitariornm
1602 1231 1665 1290 dis·

376 1339 584 1397 calceatorum.
880 1387 1014 1429 mm·
1031 1385 1069 1428 m
1083 1399 1090 1413 ,
1106 1385 1122 1426 F

334 1511 497 1570 Henzerius
519 1509 557 1567 ad
579 1515 719 1585 ectypnm
741 1505 864 1566 missum
886 1525 906 1564 a
927 1504 967 1564 D.
989 1505 1148 1564 Bonannio
1168 1504 1251 1564 Ball.
1277 1503 1355 1564 1869
1379 1523 1409 1580 p.
1428 1503 1497 1563 166.

335 1715 404 1776 63*
427 1717 591 1776 Praeneste
610 1733 684 1790 rep,
707 1733 785 1772 nnnc
806 1713 920 1770 Romae
941 1711 1021 1788 apud
1043 1711 1264 1771 Fortunatium.

820 1865 928 1905 stram
943 1877 950 1892 ·
968 1865 982 1905 t
997 1877 1004 1892 ·
1021 1864 1037 1906 s
1053 1877 1059 1890 ·
1077 1861 1183 1920 tonos

335 1986 506 2063 Descripsit
526 1986 562 2044 F.
584 1986 664 2044 Matz
685 1984 767 2043 Ball.
793 1983 873 2043 1870
895 2002 924 2060 p.
943 1983 1012 2041 105.

377 2103 489 2146 rreum
511 2087 602 2146 Matr.

335 2311 383 2370 64
409 2313 441 2370 in
465 2313 599 2388 margine
620 2311 773 2388 superiore
794 2311 877 2370 basis
898 2310 1044 2368 rotundae
1064 2310 1181 2387 pineae.
1225 2308 1390 2368 Praeneste
1411 2309 1442 2368 in
1464 2310 1553 2368 vinea
1573 2311 1667 2371 Dom.

325 2464 329 2472 .
378 2411 516 2471 Gecooni.
559 2413 668 2470 Adhuc
689 2412 809 2471 ibidem.

865 2535 962 2578 naara
977 2547 984 2564 ·
1000 2519 1154 2617 siemera

335 2655 486 2731 Eotypnm
500 2655 584 2712 misit
597 2653 760 2712 Henzeuus
776 2661 930 2731 acceptum
945 2673 964 2711 a
979 2654 1018 2712 D.
1031 2653 1189 2713 Bonannio
1204 2653 1354 2729 ediditque
1367 2653 1449 2714 Ball.
1464 2653 1543 2714 1866
1558 2672 1586 2730 p.
1599 2655 1666 2714 135.

378 2755 479 2812 Maria
500 2773 680 2830 praenomen
702 2755 797 2813 habes
819 2755 936 2826 1‚149;
959 2754 1117 2813 Fabricios
1140 2755 1305 2814 Praeneste
1325 2755 1543 2827 Ι,106-108.

339 2958 383 3019 65
412 2961 444 3018 in
469 2961 535 3019 basi
559 2960 689 3020 rotunda
714 2961 830 3038 pineae.
874 2961 1038 3020 Praeneste
1064 2962 1095 3018 iu
1121 2961 1214 3020 fundo
1242 2961 1321 3020 dicto
1349 2962 1379 3021 lo
1404 2961 1579 3022 Colombetla
1605 2983 1668 3042 rep.

380 3081 419 3119 m.
443 3059 523 3136 Sept.
547 3081 573 3120 a.
593 3061 681 3121 1868.
724 3060 824 3120 Hodie
847 3065 878 3120 ai
895 3065 987 3136 prati.

844 3213 878 3254 L·
895 3213 1052 3256 FEIDENATI
1068 3227 1076 3241 ·
1091 3213 1128 3254 L·
1143 3211 1159 3254 F

338 3332 501 3392 Hennenns
523 3333 562 3391 ad
583 3341 720 3409 ectypum
741 3333 867 3393 missum
890 3351 909 3390 a
928 3333 969 3390 D.
991 3333 1151 3392 Bonannio
1173 3333 1255 3392 Ball.
1281 3335 1359 3394 1869
1382 3353 1412 3412 p.
1430 3333 1498 3394 165.

340 3539 387 3598 66
409 3541 440 3598 in
461 3541 527 3616 ipsa
548 3542 645 3618 pinea.
689 3541 853 3600 Praeneste
875 3541 956 3617 apud
978 3541 1176 3599 Bonannium.

868 3691 1143 3736 c·rtnv10·t·r

338 3774 510 3852 Descripsit
530 3777 786 3853 Trendelenburg.

341 3981 410 4040 67*
431 3981 463 4039 in
484 3983 574 4057 pinea
594 4002 657 4060 rep.
679 3983 845 4042 Praeneste
866 4003 886 4041 a
907 3982 1078 4043 Galeassio.

879 4114 899 4160 u
914 4131 921 4146 ·
936 4117 1020 4161 fertvr
1035 4132 1043 4148 ·
1058 4119 1076 4160 1¹
1091 4131 1097 4146 ·
1114 4117 1131 4160 r

340 4215 502 4278 Henzenus
524 4216 606 4279 Ball.
632 4219 711 4280 1864
733 4241 762 4298 p.
779 4221 825 4279 22.
841 4241 860 4280 a
881 4220 1045 4281 Cicerchia.

342 4423 388 4484 68
414 4426 446 4485 in
470 4427 606 4504 margine
632 4429 788 4505 superiore
808 4429 891 4488 basis
913 4429 1058 4488 rotundae
1079 4429 1195 4505 pineae.
1238 4429 1403 4492 Praeneste
1423 4433 1455 4490 in
1475 4433 1569 4492 fundo
1590 4434 1672 4512 dicto

384 4528 415 4585 la
438 4527 610 4587 Colonebella
631 4548 694 4605 rep.
716 4549 754 4587 m.
779 4527 862 4606 Sept.
883 4549 911 4588 a.
931 4531 1020 4590 1868.
1062 4529 1163 4588 Hodie
1184 4534 1215 4588 ni
1231 4535 1323 4608 preti.

930 4667 956 4707 ra
970 4679 977 4694 ·
992 4665 1086 4710 novur

341 4761 504 4822 Henzenus
527 4765 565 4823 ad
586 4772 725 4844 ectypum
746 4767 871 4826 missum
893 4787 912 4826 a
932 4766 972 4826 D.
994 4769 1153 4827 Bonannio
1175 4765 1256 4828 Ball.
1283 4767 1361 4828 1869
1383 4790 1414 4847 p.
1432 4771 1500 4831 165.

343 4968 389 5027 69
411 4971 442 5028 in
464 4972 597 5048 margine
619 4973 771 5052 superiore
789 4975 871 5036 basis
886 4975 1030 5034 rotundae
1044 4975 1160 5052 pineae.
1195 4976 1360 5037 Praeneste
1373 4978 1453 5058 apud
1467 4977 1670 5040 Bonannium.

671 5175 675 5182 ι
926 5109 998 5153 carn
1012 5123 1019 5140 ·
1035 5109 1086 5152 reru

343 5187 513 5268 Descripsit
535 5191 787 5272 Treudelenburg.
