3654 6072
173 611 270 660 ss-eo
598 607 1082 670 vournnr1ov1ssrnunvu.
1455 593 1501 662 21

173 778 221 838 54
246 781 278 837 in
305 781 373 854 ipsa
399 779 496 853 pinea.
540 779 705 838 Praeneste
730 779 761 836 in
787 779 879 839 fundo
906 780 985 838 dioto
1012 781 1043 839 lo
1067 781 1239 841 Colombelia
1265 801 1328 859 rep.
1356 801 1395 842 m.
1419 781 1502 860 Sept.
1608 858 1610 862 .

216 899 242 937 e.
262 879 350 938 1868.
393 878 494 938 Hodie
517 883 547 936 ai
564 884 655 955 prati.

671 1013 756 1057 mino
772 1029 778 1042 ·
795 1016 891 1058 cvnis
907 1027 914 1042 ·
930 1017 945 1056 t
961 1015 1001 1058 ·F

173 1133 336 1194 Henzenus
359 1135 398 1193 ad
418 1141 558 1211 eetypum
581 1134 706 1194 missum
727 1154 746 1193 a
766 1135 806 1193 D.
828 1133 987 1193 Bonannio
1008 1134 1090 1193 Bell.
1116 1134 1193 1194 1869
1215 1156 1245 1213 p.
1265 1137 1332 1196 164.

217 1233 263 1294 cf.
286 1255 316 1292 n.
333 1235 381 1293 50.

173 1371 326 1380 ---

173 1438 217 1498 55
244 1441 276 1498 10
302 1443 437 1518 margine
464 1441 605 1501 inferiore
631 1443 713 1501 basis
740 1442 885 1500 rotundae
909 1443 1024 1518 pineae.
1068 1442 1232 1503 Praeneste
1258 1443 1403 1503 infundo
1425 1444 1503 1504 dieto

215 1542 245 1599 la
270 1543 441 1602 Cotombello
462 1562 525 1619 rep.
548 1563 587 1601 m.
611 1541 694 1619 Sept.
718 1561 743 1600 e.
763 1543 852 1602 1868.
895 1541 994 1600 Hodie
1017 1547 1047 1602 ai
1064 1548 1156 1619 proti.

767 1676 780 1725 <
800 1691 807 1705 ·
822 1677 911 1719 Ῑ)1Ν1)1

171 1795 334 1856 Henzenus
361 1797 400 1854 ad
426 1804 565 1875 eotypum
590 1797 715 1857 missum
741 1817 760 1855 a
781 1797 820 1856 D.
843 1796 1002 1855 Bonennio
1024 1797 1105 1855 Bell.
1131 1797 1209 1858 1869
1233 1819 1261 1874 p.
1281 1799 1355 1871 1663
1384 1797 1502 1876 plenius

172 1897 477 1974 Trendolenburgius

172 2102 219 2161 56
245 2104 277 2162 in
302 2105 370 2163 basi
396 2104 543 2180 quadrata
569 2105 682 2180 pineae.
726 2106 891 2164 Praeneste
916 2105 948 2163 in
973 2105 1068 2164 fundo
1090 2105 1170 2163 dioto
1193 2105 1224 2162 tu
1246 2105 1418 2164 Columnata
1439 2125 1502 2182 rep.

214 2225 252 2263 m.
277 2203 359 2283 Sept.
381 2226 408 2264 a.
427 2205 516 2264 1868.
559 2206 659 2264 Hodie
680 2210 711 2264 ai
727 2211 818 2282 prati.

713 2357 755 2400 CN
771 2371 778 2385 ·
795 2357 884 2399 DINDI
900 2369 907 2384 ·
922 2356 964 2399 CN

944 2439 961 2481 F

169 2561 335 2620 Henzenus
356 2561 395 2619 ad
416 2567 556 2636 eetypum
578 2561 704 2620 missum
726 2578 745 2616 a
766 2558 806 2618 D.
829 2558 988 2618 Bonaunio
1010 2557 1092 2617 Ball.
1118 2559 1197 2619 1869
1220 2577 1249 2635 p.
1268 2559 1336 2618 165.

171 2765 217 2826 57
241 2769 273 2826 in
293 2767 362 2845 ipsa
383 2768 481 2844 pinea.
524 2767 687 2826 Praeneste
709 2786 771 2843 rep.
795 2765 946 2825 Galeassi.

623 2916 667 2960 ou
683 2932 689 2946 ·
706 2918 853 2960 ninnium
869 2931 877 2946 ·
891 2917 958 2960 aurs
973 2930 981 2946 ·
997 2903 1015 2958 t
1036 2917 1053 2960 e

170 3039 321 3117 Eotypum
343 3040 427 3099 misit
447 3037 609 3098 Henzenus
630 3045 784 3114 acceptum
807 3057 826 3096 a
847 3036 1003 3097 Cicerohia
1023 3037 1176 3115 ediditque
1197 3037 1281 3096 Bali.
1299 3036 1378 3097 1864
1400 3058 1429 3116 p.
1447 3039 1500 3110 223
1607 3107 1625 3126 ·

170 3149 280 3218 postea
301 3141 377 3200 vidit
398 3141 473 3217 ipse.

212 3259 360 3300 muniunt
392 3262 493 3301 errore
524 3243 668 3316 seriptum
700 3257 767 3298 esse
799 3257 854 3316 pro
887 3254 976 3297 orum
1007 3238 1119 3298 iudicat
1146 3237 1309 3299 Henzenus
1342 3249 1430 3301 reete.
1459 3273 1501 3285 -

169 3343 292 3401 Editum
315 3350 361 3402 est
381 3343 493 3414 an1s1r3
522 3349 630 3418 postea
650 3341 812 3399 Henzenus
840 3339 940 3416 lapide
967 3342 1103 3415 inspecto
1132 3339 1233 3398 videre
1262 3340 1319 3398 sibi
1340 3342 1424 3402 visus
1455 3351 1501 3402 est

169 3459 238 3502 asts
254 3474 261 3488 ·
276 3445 325 3502 ir
351 3444 440 3520 idque
467 3463 523 3504 nos
549 3461 669 3520 quoque
695 3443 725 3501 in
747 3451 854 3519 ectypo
875 3441 975 3520 legere
996 3440 1146 3512 videmur,
1173 3441 1385 3518 confirmatque
1406 3443 1500 3502 Tren·

169 3545 392 3622 delenburgius.

122 3749 125 3753 ’
170 3751 274 3812 5810
300 3753 434 3830 margine
461 3751 601 3811 inferiore
627 3751 710 3809 basis
735 3749 882 3808 rotundae
907 3749 1024 3826 pineae.
1067 3748 1232 3808 Praeneste
1253 3749 1284 3808 in
1305 3749 1398 3808 fundo
1420 3749 1499 3808 dioto

213 3855 244 3912 to
268 3853 439 3914 Colombelle
459 3872 523 3929 rep.
545 3871 585 3924 nr.
602 3849 692 3930 Sept.
715 3871 745 3911 a.
762 3851 850 3910 1868.
893 3848 993 3909 Hodie
1015 3853 1046 3908 ai
1061 3853 1154 3926 prati.

699 3985 975 4029 wodenio-NJ

168 4109 332 4168 Henzenus
355 4109 393 4166 ad
415 4114 555 4184 eotypum
576 4107 703 4165 missum
725 4125 744 4163 a
765 4104 804 4164 D.
827 4103 984 4164 Bonannio
1006 4104 1088 4164 Ball.
1114 4104 1192 4163 1869
1215 4123 1244 4182 p.
1263 4103 1331 4164 164.

170 4315 217 4376 59
239 4318 272 4376 in
293 4317 359 4375 basi
380 4315 526 4394 quadrata
546 4313 662 4390 pineae.
700 4312 863 4371 Praeneste
884 4312 915 4370 in
936 4312 1030 4370 fundo
1051 4309 1151 4370 Hann.
1167 4311 1354 4370 Bernardini.
1390 4311 1499 4374 Adhuc

210 4417 330 4476 ibidem·
703 4468 744 4507 a·
761 4464 905 4508 snousivs
920 4477 928 4493 ·
942 4467 969 4508 ra

947 4548 963 4589 r

85 4631 88 4638 '
170 4654 353 4715 emendavit
373 4653 680 4729 Trendelenburgius.
724 4651 899 4709 Bonannius
921 4649 1003 4740 Buri.
1030 4650 1108 4708 reio
1130 4649 1247 4726 p.1oe.

212 4757 277 4814 iarn
299 4756 493 4814 confirmatur
514 4754 755 4830 supplementum
776 4752 877 4824 1,105
900 4752 1087 4826 propositum
1110 4766 1223 4819 spannia
1238 4779 1244 4794 ·
1261 4766 1280 4810 c
1295 4779 1302 4794 ·
1318 4766 1343 4808 r.

171 4962 220 5021 60
243 4963 275 5020 10
296 4963 364 5020 basi
385 4961 531 5038 quadrata
551 4961 667 5038 pineae.
703 4959 867 5022 Praeneste
888 4958 920 5015 in
940 4957 1034 5016 fundo
1049 4957 1149 5016 Henn.
1167 4957 1353 5016 Bernardini.
1390 4957 1499 5016 Adhuc

213 5063 332 5122 ibidem·
684 5112 709 5155 m
724 5125 730 5140 ·
746 5109 876 5155 eroteio
893 5124 899 5139 ·
915 5110 934 5154 c
949 5124 955 5139 ·
972 5109 988 5152 r

170 5215 347 5276 Bonannius
367 5217 449 5276 Ball.
474 5217 554 5276 1870
576 5236 605 5293 p.
625 5215 692 5274 106.
