3620 6080
364 574 439 650 274
869 573 870 578 '
934 589 1116 644 uouusuu

362 959 578 1040 μεταβεβηκῶς
599 958 646 1022 lai
666 959 716 1034 τὴν
737 953 902 1039 ἐπιφάνειαν
922 953 970 1020 nai
993 961 1020 1018 ἓν
1040 962 1076 1039 τῇ
1095 955 1164 1044 spic
1185 954 1327 1050 Πομπήιον
1348 954 1430 1038 φιλίᾳ
1452 954 1594 1045 διιιιιρέπων
1611 957 1658 1032 μετ’

363 1063 475 1147 ὅλίιγων.
513 1057 720 1150 περιεβέβλητο
743 1053 774 1122 δὲ
793 1054 842 1122 uni
864 1054 961 1122 adrian
981 1051 1137 1133 Bastitania
1162 1053 1296 1122 πλειόνων
1321 1053 1338 1134 ἢ
1360 1055 1506 1140 δισχιλίων
1528 1054 1660 1131 ταλάντοιν,

362 1162 396 1245 ἣν
420 1166 476 1231 tal
499 1163 643 1251 Κοιῖτιιρος
667 1167 719 1224 τοῦ
739 1162 817 1224 &aad
842 1161 1006 1248 πραθεῒτιιν
1033 1157 1081 1222 bol
1101 1158 1152 1236 τὴν
1172 1161 1241 1248 apic
1262 1155 1402 1236 Πομπῆιον
1425 1157 1519 1240 φιλίαν
1538 1154 1658 1244 ἐξωνησά-

361 1293 443 1344 peuce
469 1267 530 1348 οὔχ
555 1261 626 1341 ἥττω
649 1270 708 1330 τοῖς
728 1257 809 1326 unsri
830 1256 974 1324 scritura·
999 1256 1099 1324 τούτου
1123 1260 1150 1323 δ’
1170 1256 1227 1324 teri
1250 1258 1388 1348 θυγάτηρ
1412 1254 1573 1347 Πνὲοδωρῖς
1591 1259 1604 1334 ἦ
1623 1267 1660 1324 νῦν

362 1365 677 1446 sacramentaneus
697 1365 801 1444 Πόντῳ.
844 1365 924 1430 Sane
951 1386 1131 1444 quamquam
1159 1367 1305 1436 eiusmodi
1331 1367 1545 1426 matrimonium
1568 1384 1660 1424 acon·

363 1474 520 1536 suetudine
541 1473 685 1532 nobilium
707 1469 911 1528 Romanorum
933 1469 1082 1540 abhorret,
1105 1469 1142 1528 ab
1163 1470 1295 1528 Antonio
1317 1469 1397 1546 apud
1414 1467 1542 1529 Graecos
1557 1465 1661 1527 Graecis

363 1577 497 1636 moribus
520 1583 550 1634 et
570 1573 727 1650 imperium
750 1571 976 1630 administrante
998 1579 1029 1629 et
1056 1571 1175 1630 domum
1201 1571 1323 1632 minime
1351 1557 1481 1631 alienum
1506 1579 1559 1640 est,
1582 1587 1661 1646 neque

366 1677 563 1756 improbabile
585 1673 777 1750 Cleopatram
799 1692 860 1732 non
880 1671 1005 1731 invitam
1026 1671 1140 1730 homini
1160 1672 1380 1748 gratiosissimo
1403 1681 1433 1731 et
1453 1671 1602 1746 ditissimo,
1620 1669 1662 1730 sed

362 1779 520 1858 peregrino
542 1778 710 1854 privignam
730 1775 862 1852 legitime
883 1782 984 1834 natam
1005 1772 1171 1832 ducendam
1192 1773 1321 1834 dedisse.
1461 1849 1465 1854 Ι

416 1878 618 1944 ,Polemonis
644 1883 892 1952 posterorumque
920 1875 984 1934 eius
1013 1892 1062 1936 res
1094 1875 1138 1932 ita
1165 1873 1228 1934 tere
1253 1875 1391 1934 videntur
1422 1891 1510 1950 posse
1534 1873 1661 1934 constitui.

362 1981 402 2048 M.
425 1981 576 2040 Antonius
602 1997 662 2054 quo
691 1987 824 2052 tempore
849 1995 897 2034 res
921 1976 1014 2036 Asiae
1040 1975 1198 2045 ordinavit,
1225 1981 1336 2047 motus,
1364 1983 1405 2042 ut,
1426 1975 1548 2046 videtur,
1572 1975 1663 2032 virtute

363 2083 493 2142 Zenonis
520 2080 649 2139 rhetoris
670 2078 848 2149 Laodiceni,
875 2095 981 2156 quana
1001 2059 1099 2154 patria
1124 2077 1198 2136 urbe
1222 2095 1254 2138 a.
1278 2077 1338 2136 714
1360 2077 1495 2140 Parthos¹
1515 2077 1665 2153 reppulerat

300 2165 302 2174 ¹
362 2167 476 2260 (Strab.
500 2183 547 2254 14,
563 2179 592 2252 2,
616 2179 654 2238 25
677 2200 706 2256 p.
723 2178 808 2256 660),
831 2198 858 2236 a.
880 2179 938 2237 715
961 2177 1024 2236 filio
1047 2179 1112 2236 eius
1134 2176 1293 2238 Polemoni
1313 2179 1378 2253 regi
1399 2177 1548 2254 appellato
1567 2183 1665 2254 partem

362 2283 486 2352 Ciliciae
507 2281 620 2353 tribuit,
643 2280 757 2340 scilicet
771 2279 956 2356 Lycaoniam
978 2298 1045 2340 cum
1066 2278 1311 2354 urbeIconio.1)
1343 2278 1465 2338 Deinde
1485 2277 1666 2336 1718111111

286 2397 289 2404 '
361 2393 514 2462 tamquam
539 2403 594 2442 rex
615 2382 707 2440 Ponti
732 2381 866 2440 interfuit
890 2381 970 2440 bello
996 2381 1121 2440 Antonii
1145 2378 1339 2456 Parthic02);
1366 2383 1449 2456 quod
1476 2398 1592 2458 regnum
1611 2397 1666 2437 cum

361 2508 389 2550 a.
406 2489 466 2548 715
480 2486 631 2560 Antonius
653 2483 838 2544 attribuisset
851 2481 946 2540 Dario
961 2481 1126 2541 Pharnacis
1145 2481 1218 2554 iilic,
1240 2482 1280 2540 ad
1294 2482 1491 2543 Polemonem
1511 2481 1666 2554 translatum

361 2607 430 2650 esse
451 2587 569 2646 videtur
589 2593 712 2662 propter
733 2603 781 2644 res
804 2584 841 2643 ab
865 2583 933 2659 ipso
957 2583 1075 2642 fortiter
1093 2591 1194 2660 gestas
1217 2584 1340 2652 ducibus
1360 2583 1503 2644 Ventidio
1523 2593 1552 2643 et
1569 2581 1667 2644 Sessio.

362 2689 508 2754 Similiter
532 2686 654 2764 propter
680 2686 825 2744 auxilium
851 2685 909 2771 ipsi
933 2685 1065 2744 Antonio
1091 2685 1123 2743 in
1150 2685 1230 2744 bello
1251 2684 1306 2753 illo
1327 2687 1505 2761 praestitum
1525 2701 1666 2760 pacemque

361 2811 429 2854 cum
451 2789 549 2848 Medis
571 2787 757 2846 conciliatam
779 2805 806 2844 a.
824 2785 880 2848 721
905 2786 1079 2844 Armeniam
1101 2786 1244 2846 minorem
1259 2786 1421 2863 accepiti)
1460 2785 1568 2864 Oopiae
1587 2786 1620 2844 ab
1638 2803 1667 2843 eo

360 2893 472 2952 missae
498 2890 536 2947 ad
557 2888 676 2948 Actium
703 2905 822 2963 quoque
844 2886 1096 2962 pugnaveruntt)
1138 2886 1268 2948 Devicto
1293 2889 1427 2947 Antonio
1450 2888 1538 2948 Ponti
1560 2905 1667 2965 regnum

281 3039 285 3044 .
361 3009 429 3056 eum
449 2991 544 3050 nihilo
571 2990 669 3048 minus
694 2988 853 3047 retinuisse
878 2987 948 3046 inde
973 2988 1137 3066 colligitur,
1165 2989 1246 3063 quod
1271 2989 1394 3048 annales
1416 2991 1550 3050 scribunt
1573 3008 1598 3048 a.
1618 2986 1666 3046 728

360 3079 553 3154 Polemonem
568 3090 659 3148 Ponti
672 3107 773 3166 regem
787 3089 865 3148 inter
878 3089 977 3148 socios
997 3098 1027 3148 et
1042 3091 1156 3148 amicos
1171 3090 1276 3166 populi
1291 3091 1421 3150 Romani
1435 3092 1559 3150 relatum
1574 3087 1667 3164 essai)

360 3196 474 3256 Postea
498 3212 525 3252 a.
548 3193 608 3252 740
634 3192 721 3250 11111
742 3191 899 3268 Agrippae
922 3209 990 3250 cum
1015 3191 1210 3268 Bosporanos
1236 3192 1328 3250 armis
1357 3193 1536 3266 domuisset,
1561 3191 1670 3270 praemii

360 3298 428 3356 loco
450 3295 538 3354 ducta
556 3293 722 3352 Pharnacis
743 3291 806 3349 filia
823 3291 959 3369 Dynami
979 3311 1035 3350 rex
1055 3302 1169 3362 eorum'
1180 3295 1360 3354 constitutus
1381 3303 1428 3352 est
1439 3297 1488 3354 ’11)
1502 3289 1667 3371 Augustei).

360 3397 465 3460 Uxore
492 3395 593 3473 paullo
619 3401 688 3471 post
714 3393 855 3452 defuncta
880 3393 1026 3452 secundas
1058 3394 1180 3470 nuptias
1208 3396 1359 3454 contraxit
1389 3414 1458 3454 cum
1483 3385 1670 3474 Pythodoride

360 3499 487 3560 Antonii
508 3495 657 3554 triumviri
683 3515 722 3554 cx
747 3494 811 3552 iilia
832 3501 924 3570 nepte
950 3513 976 3554 c.
999 3509 1032 3552 a:
1056 3493 1115 3552 742
1140 3496 1197 3567 111,
1223 3503 1256 3553 11
1280 3511 1359 3554 uxor
1384 3515 1453 3556 cum
1480 3517 1515 3556 eo
1541 3505 1569 3556 et
1594 3493 1669 3554 simul

360 3610 390 3662 et
411 3601 485 3660 adeo
506 3599 606 3674 priore
623 3583 693 3680 loco
715 3596 746 3654 in
766 3595 865 3654 Ponto
887 3604 1035 3672 regnaret,
1055 3595 1127 3656 item
1149 3596 1214 3656 sine
1235 3597 1325 3657 dubio
1345 3597 1449 3658 liberis
1471 3618 1566 3658 exeo
1584 3597 1669 3656 matri·

368 3959 371 3963 ·
436 3938 460 4001 1)
479 3937 594 4002 Appian.
614 3937 639 3986 b.
660 3954 681 3986 c.
702 3938 727 3999 5,
750 3937 797 3988 751
824 3929 880 3999 ἵστη
911 3933 938 3986 δέ
962 3953 995 4000 πη
1019 3934 1060 3986 καὶ
1079 3933 1206 4000 βασιλέας
1230 3925 1271 3994 οὓς
1295 3927 1452 4007 δοκιμάσειεν
1476 3937 1516 3989 ἐπὶ
1535 3925 1615 4008 ῲὸροις
1630 3926 1670 4006 dyc

359 4025 523 4100 raruyplvctc.
561 4015 661 4078 Ildnrcu
686 4023 729 4094 plu
748 4027 860 4096 Δαρεῖον
877 4017 921 4078 viv
945 4017 1088 4096 Φαρνάκους
1110 4026 1155 4080 τοῦ
1178 4017 1368 4097 Μιθραδᾶτον.
1430 4065 1460 4082 ..
1485 4028 1526 4082 καὶ
1545 4027 1670 4097 Πολ1μωιο

361 4121 448 4193 μέρους
465 4113 591 4176 Κιλικίας.
626 4119 711 4174 Strab.
733 4121 775 4181 12,
797 4121 822 4181 6,
844 4122 858 4168 1
879 4135 904 4185 p.
920 4121 986 4171 568:
1004 4108 1105 4172 ’ludatur
1120 4155 1127 4168 .
1143 4155 1150 4169 .
1166 4155 1173 4168 .
1192 4119 1264 4172 τοῦτο
1284 4113 1306 4170 δ’
1324 4113 1383 4191 εἶχε
1401 4118 1537 4191 Πολέμων,
1555 4123 1598 4173 ubi
1613 4128 1671 4172 reeta

359 4213 506 4266 observavit
528 4213 688 4276 salletas-p.
710 4211 743 4261 57
769 4211 848 4278 alium
872 4211 1040 4264 Polemonem
1063 4214 1177 4277 intellegi
1201 4229 1254 4264 non
1276 4228 1352 4277 posse
1375 4229 1452 4279 quam
1469 4217 1581 4266 Zenonis
1600 4215 1670 4264 filium

358 4307 499 4382 identidem
518 4304 546 4354 in
565 4302 656 4352 eodem
676 4301 742 4352 libro
761 4316 778 4354 a
796 4303 925 4354 Strabone
943 4311 1122 4356 memoratum.
1159 4305 1279 4356 Eundem
1297 4320 1384 4369 regem
1403 4307 1560 4370 appellatum
1579 4321 1627 4357 esse
1643 4305 1670 4354 ab

358 4399 476 4452 Antonio
499 4396 624 4462 primum,
649 4393 743 4444 deinde
772 4393 804 4443 ab
823 4396 941 4459 Augusto
965 4396 1036 4448 idem
1059 4397 1149 4446 scribit
1169 4397 1211 4457 12,
1234 4397 1258 4458 8,
1280 4397 1313 4446 16
1331 4413 1356 4460 p.
1378 4397 1439 4448 578.
1476 4399 1572 4448 Errant
1588 4405 1668 4456 11111,

358 4493 380 4542 11
399 4491 461 4558 qnid
479 4489 564 4550 video,
585 4486 628 4552 qui
647 4485 698 4534 hoc
716 4485 862 4548 Lycaoniae
881 4501 988 4550 reguum
1006 4487 1157 4538 Polemonis
1176 4503 1233 4538 cum
1253 4488 1370 4552 dynastia
1390 4487 1497 4540 Olbensi
1515 4489 1669 4548 confundunt,

359 4598 435 4647 quam
454 4588 518 4632 teste
536 4578 663 4633 Strabone
682 4575 744 4626 satis
764 4583 863 4626 constat
882 4593 913 4628 ea
931 4585 1014 4628 aetate
1033 4579 1067 4630 ad
1084 4579 1230 4630 Zenonides
1247 4595 1301 4632 non
1319 4581 1481 4644 spectavisse.

433 4671 458 4734 ⁹)
478 4672 594 4732 111149,
616 4669 659 4720 25.
701 4669 830 4720 Plutarch.
850 4670 915 4722 Aut.
935 4669 979 4720 38.

433 4760 594 4823 1)1)1141),
615 4761 659 4810 33.
685 4763 730 4812 44.

432 4850 457 4912 ⁴)
475 4851 607 4902 Plutarch.
625 4853 690 4906 Ant.
711 4853 754 4904 61.

434 4939 660 5002 5)1)1153,ι25.
1476 4975 1479 4982 ,
1568 4973 1571 4980 ·

434 5027 459 5091 6)
478 5032 532 5080 Dio
552 5031 595 5092 54,
617 5033 660 5082 24.
692 5033 756 5094 Quo
781 5035 892 5100 pertinet
916 5035 985 5099 quod
1009 5036 1045 5086 ait
1069 5035 1163 5088 Strabo
1184 5037 1226 5098 12,
1248 5037 1274 5098 8,
1295 5037 1329 5088 16
1347 5053 1373 5100 p.
1394 5035 1471 5088 5782'
1487 5029 1666 5102 Πολέμωι...

358 5116 494 5179 βασιλείας
518 5109 615 5186 sigaei-bu
637 5109 682 5168 aad·
697 5113 742 5180 rclr
766 5119 938 5192 ἀνδραγαθίας
954 5117 1001 5174 ‘un’
1024 5119 1156 5177 Ἀντωνίου
1175 5123 1218 5194 μὲν
1235 5115 1361 5196 πρᾶτερον,
1381 5115 1670 5194 inimicaremini

358 5207 492 5272 Σεβαστοῦ
510 5199 571 5282 perol
589 5208 674 5260 ταῦτα.
944 5199 946 5205 ⁴

362 788 392 846 p.
416 767 487 840 649,
519 759 555 844 ἐξ
582 759 671 832 αὐτῆς
704 761 887 836 (Trallibus)
919 759 988 818 circu
1014 760 1037 818 οἳ
1063 749 1251 842 πρωτεύοντες
1270 753 1352 816 ,κατὰ
1377 753 1425 830 τὴν
1452 753 1592 843 ἐπαρχίαν,
1618 753 1657 826 ciis

361 858 531 950 Ἀσιιῖρχας
549 865 701 922 καλοῦσιν·
723 849 759 920 οἷν
773 853 949 944 1115181ρό1
966 883 996 918 τε
1017 848 1049 932 ἦν
1071 855 1138 945 ἀνὴρ
1160 854 1292 922 Nascentis
1312 855 1343 918 rd
1365 855 1401 940 ἐξ
1420 856 1521 944 triggvis,
1539 859 1616 920 ineisa
1634 851 1659 920 di
