3654 6072
348 619 395 690 66
919 631 1102 688 1101100111
1660 670 1682 709 ,

346 807 432 884 origo
452 806 534 865 dlara
555 817 603 866 est
622 815 653 866 et
674 805 854 877 indubitata3
876 805 1014 864 nimirum
1037 803 1076 864 D.
1092 805 1197 865 Iunius
1213 803 1335 867 Silanus
1356 815 1477 884 praetor
1497 827 1525 870 a.
1542 809 1602 867 612
1625 828 1677 868 na-

346 909 473 969 turalem
502 917 617 984 patrem
639 907 745 966 habuit
765 905 802 966 T.
826 905 971 966 Manlium
993 905 1181 984 Torquatum
1203 907 1356 968 consulem
1379 909 1501 982 10589,
1524 927 1544 968 a
1565 928 1626 985 qno
1647 911 1677 968 in

345 1010 539 1087 adoptionem
560 1009 647 1068 datus
669 1008 822 1066 Iuniarum
846 1005 1018 1068 Silanorum
1039 1025 1148 1066 nomen
1169 1009 1358 1085 propagavit.
1396 1009 1514 1068 Deinde
1535 1011 1677 1069 extinctis

345 1110 467 1170 Manliis
493 1109 657 1186 Torquatis
686 1117 783 1166 aetate
811 1107 996 1168 Caesariana
1021 1108 1131 1184 (neque
1159 1109 1237 1166 enim
1265 1109 1358 1168 ullum
1386 1111 1457 1168 novi
1484 1111 1549 1170 eius
1578 1112 1677 1188 gentis

345 1214 543 1292 posteriorem
564 1210 601 1269 Τ.
624 1210 781 1286 Torquato
802 1209 839 1268 T.
861 1209 883 1267 f.
909 1217 939 1268 et
958 1208 995 1267 L.
1019 1209 1173 1284 Torquato
1194 1207 1231 1268 1..
1253 1209 1274 1267 f.
1297 1219 1433 1286 praetore
1455 1230 1483 1270 a.
1498 1213 1574 1284 705,
1602 1229 1678 1287 quc·

345 1333 412 1374 rum
439 1321 474 1372 ut
500 1321 684 1370 mortuorum
713 1311 848 1370 meminit
876 1308 983 1369 Cicero
1016 1309 1056 1368 in*
1074 1309 1168 1368 Bruto
1197 1310 1310 1388 scripto
1339 1331 1365 1369 a
1389 1312 1449 1372 708
1477 1331 1501 1370 0.
1524 1313 1580 1386 70,
1606 1312 1677 1371 245.

347 1415 402 1488 76,
422 1413 501 1490 265)
531 1412 693 1471 secundum
720 1429 808 1470 usum
837 1411 902 1468 eius
930 1412 1074 1488 temporis
1101 1410 1182 1469 Iunii
1211 1409 1323 1483 Silani,
1356 1413 1532 1470 naturaliter
1559 1413 1678 1470 oriundi

346 1518 384 1575 ab
411 1516 487 1588 illis,
515 1533 574 1572 non
601 1513 696 1572 solum
719 1512 898 1587 imaginibus
920 1513 1017 1588 gentis
1040 1513 1188 1570 extinctae
1210 1530 1337 1589 pompas
1359 1531 1431 1572 snas
1452 1513 1679 1584 decoraverunt,

346 1615 597 1693 quemadmodum
612 1613 737 1672 Tacitus
760 1613 842 1687 (arm.
860 1613 888 1685 3,
905 1612 958 1688 76)
981 1613 1023 1672 ait
1044 1613 1074 1670 in
1096 1613 1200 1671 sunere
1220 1613 1325 1672 Iuniae
1346 1614 1427 1672 filiae
1439 1614 1479 1672 D.
1497 1612 1592 1674 Silani
1608 1631 1677 1672 con·

346 1718 421 1777 aulis
443 1737 470 1776 a.
488 1715 547 1776 692
571 1715 727 1773 defunctae
749 1733 776 1772 a.
800 1715 918 1774 demum
940 1732 1012 1772 100.
1029 1713 1088 1772 775
1105 1739 1142 1764 ==
1159 1735 1188 1791 p.
1205 1711 1276 1774 Chr.
1294 1711 1332 1772 22
1354 1713 1535 1774 Manliorum
1556 1733 1678 1792 quoque

345 1819 492 1896 imagines
520 1818 667 1876 antelatas
696 1833 780 1886 csse,
808 1815 862 1873 sed
888 1815 957 1891 ipsa
978 1815 1099 1872 nomina
1119 1825 1343 1896 revocaverunt.
1386 1817 1481 1875 Plane
1502 1817 1608 1875 eadem
1628 1835 1678 1874 ra·

346 1921 426 1978 11000
447 1917 536 1978 Fabii
558 1917 684 1976 Maximi
711 1925 808 1976 aetate
829 1917 970 1992 Augusta
993 1916 1135 1975 extinctis
1157 1917 1296 1975 Aemiliis
1318 1917 1436 1977 Paullis
1458 1935 1625 1994 cognomen
1645 1917 1678 1975 id

346 2019 551 2090 adsciverunt,
584 2017 725 2096 quoniam
753 2017 874 2076 saeculo
902 2025 991 2076 sexto
1018 2037 1056 2075 ex
1083 2017 1247 2076 maioribus
1276 2036 1377 2076 eorum
1403 2037 1481 2078 unus
1510 2038 1548 2076 ex
1575 2017 1678 2077 Paulli

346 2122 434 2180 domo
460 2121 492 2180 in
513 2119 640 2179 Fabiam
666 2127 798 2177 venerat.
840 2118 887 2176 Ita
907 2119 938 2177 in
958 2115 1072 2178 ¹Silanis
1094 2118 1316 2194 Torquatorum
1339 2138 1448 2177 nomen
1469 2121 1595 2198 emergit
1616 2122 1678 2197 pri·

346 2241 426 2280 mum
449 2223 480 2279 in
501 2221 589 2280 Iunia
604 2219 898 2297 Torquata'virgine
912 2219 1028 2278 Vestali
1050 2237 1155 2280 sorore
1176 2221 1333 2280 consulum
1355 2240 1382 2278 a.
1400 2220 1438 2278 10
1453 2230 1483 2279 et
1500 2222 1547 2294 15,
1569 2221 1679 2280 deinde

344 2325 376 2382 in
403 2322 526 2382 consule
547 2342 574 2381 a.
594 2342 622 2398 p.
640 2319 712 2380 Chr.
732 2319 785 2392 19,
811 2337 993 2396 quamquam
1018 2320 1087 2378 huic
1112 2320 1144 2378 id
1172 2339 1335 2398 cognomen
1361 2340 1421 2380 non
1446 2322 1534 2380 datur
1559 2323 1618 2380 nisi
1643 2323 1677 2380 in

345 2425 433 2484 unico
455 2423 540 2482 titulo
562 2421 690 2498 filiae¹);
713 2421 841 2498 denique
862 2422 1026 2498 abnepotes
1049 2422 1270 2500 adnepoterque
1286 2421 1413 2499 Augusti
1435 2442 1471 2481 eo
1492 2424 1606 2500 passim
1627 2424 1678 2481 usi

345 2543 413 2585 csse
438 2525 639 2584 inveniuntur.
683 2523 797 2582 Eodem
824 2523 988 2580 rettulerim
1016 2522 1097 2598 quod
1117 2523 1159 2580 ait
1181 2521 1344 2584 Suetonius
1371 2523 1455 2598 (Gai.
1473 2522 1527 2598 25)
1552 2522 1677 2597 Gaium,

344 2647 413 2686 cum
432 2635 535 2685 vetera
557 2624 740 2683 familiarum
759 2623 891 2699 insignia
912 2623 1100 2682 nobilissimo
1120 2625 1226 2700 cuique
1248 2624 1402 2696 adimeret,
1426 2625 1516 2682 etiam
1536 2624 1677 2702 Torqua·

344 2737 407 2786 tum
430 2735 536 2802 torque
558 2727 708 2800 privasse3
731 2743 800 2782 nam
814 2723 909 2782 Nonii
928 2726 1125 2802 Asprenates,
1148 2725 1315 2801 dequibus
1337 2726 1472 2802 plerique
1493 2727 1567 2785 haec
1588 2727 1677 2786 intel-

345 2827 449 2904 legunt
475 2833 597 2904 propter
626 2826 826 2884 narrationem
852 2825 985 2883 eiusdem
1007 2825 1139 2884 auctoris
1160 2827 1192 2884 in
1213 2827 1346 2902 Augusti
1368 2827 1430 2884 vita
1451 2845 1476 2884 e.
1492 2828 1547 2900 43,
1574 2829 1679 2888 minus

345 2937 424 2986 recte
449 2947 541 3004 quam
568 2924 664 2986 Silani
691 2927 817 2986 uetustis
844 2925 966 2984 familiis
994 2925 1226 2984 adnumerantur
1247 2945 1302 2986 nec
1324 2928 1399 2986 satis
1421 2935 1490 3004 apte
1511 2929 1679 3008 iunguntur

344 3030 465 3106 Magnis
485 3024 779 3102 Cincinnatisquel).
816 3027 978 3104 Perparam
999 3037 1099 3086 autem
1119 3027 1303 3106 Borghesius
1325 3028 1391 3088 loco
1413 3023 1555 3107 corrupto
1576 3029 1677 3090 Taciti

345 3150 414 3190 aun.
435 3130 464 3201 3,
485 3129 524 3188 58
546 3130 713 3205 separando
734 3126 833 3186 Silani
858 3128 972 3206 (agitur
993 3128 1030 3187 de
1052 3129 1174 3188 consule
1196 3147 1223 3186 a.
1243 3129 1295 3204 10)
1322 3140 1451 3189 mutatae
1472 3133 1547 3190 bono
1568 3137 1678 3211 quippe

344 3232 407 3290 alia
426 3241 546 3306 parente
564 3233 654 3306 pertiti
673 3231 875 3305 reddendoque
889 3231 954 3304 filio
975 3249 1031 3306 pro
1052 3229 1116 3287 ulia
1138 3230 1230 3288 scribi
1251 3229 1340 3288 iussit
1354 3231 1478 3292 Manlia.
1512 3232 1592 3292 Nam
1607 3253 1677 3312 par-

344 3350 451 3394 varsae
471 3332 635 3392 sententiae
657 3331 700 3388 ita
721 3330 839 3390 medela
859 3330 940 3389 nulla
961 3329 1098 3402 offertum
1120 3333 1159 3395 ad
1173 3331 1323 3406 Torquati
1344 3340 1443 3390 autem
1464 3351 1573 3392 nomen
1589 3337 1677 3395 Man·

343 3435 393 3492 liis
420 3433 563 3492 tributum
593 3431 803 3509 explicandum
834 3449 929 3507 neque
955 3449 1032 3508 opus
1058 3445 1103 3491 est
1129 3432 1282 3491 affinitatis
1310 3434 1579 3508 demonstratione,
1606 3457 1677 3496 oum

344 3536 467 3613 adoptio
489 3554 551 3592 rem
574 3535 725 3607 conficiat,
752 3550 849 3610 neque
872 3535 899 3591 si
921 3549 998 3610 opus
1020 3542 1116 3606 esset,
1147 3533 1221 3593 haee
1242 3535 1338 3594 relata
1360 3535 1398 3592 ad
1419 3537 1573 3596 consulem
1594 3558 1621 3596 a.
1644 3559 1675 3615 p.

343 3634 416 3698 0111.
435 3638 472 3696 10
493 3637 661 3705 sufficeret,
682 3653 750 3694 com
771 3635 802 3692 id
823 3653 933 3694 nomen
954 3635 1045 3693 latins
1066 3644 1168 3710 pateat
1189 3635 1219 3692 in
1242 3632 1354 3696 Silanis
1376 3655 1465 3712 quam
1488 3647 1521 3696 ut
1545 3639 1584 3697 ab
1610 3641 1677 3700 eius

344 3739 451 3820 aetatis
480 3737 669 3796 matrimonio
699 3736 793 3812 repeti
822 3737 928 3812 possit
975 3733 1071 3794 Mimr
1098 3746 1196 3795 autem
1222 3735 1456 3812 Nipperdcinm,
1487 3728 1538 3815 qui
1567 3740 1676 3802 funda·

344 3845 444 3898 nreuto
469 3837 620 3913 opinionis
647 3845 726 3896 recte
750 3837 863 3896 reiecto
884 3846 914 3898 et
935 3835 1118 3896 absurditate
1141 3838 1297 3896 commatis
1319 3839 1429 3915 optime
1450 3851 1610 3918 perspecta
1630 3845 1676 3901 ni·

344 3939 507 3997 bilomious
534 3955 639 3998 secure
665 3955 803 4015 premens
824 3937 983 4013 Borghesii
1005 3938 1133 4015 vestigia
1146 3937 1280 3998 Vestalis
1302 3941 1391 3998 matri
1412 3941 1542 4000 Manliae
1564 3963 1673 4003 nomen

343 4041 436 4100 inisse
458 4049 611 4100 asseveret
630 4039 760 4114 indeque
780 4039 873 4098 filiam
895 4037 1081 4114 Torquatum
1103 4040 1285 4116 appellatam
1307 4058 1373 4099 esse
1394 4044 1564 4103 contendat.

427 4139 611 4200 Coniunctus
632 4139 725 4200 foisse
740 4135 885 4199 Claudios
903 4141 1047 4216 patricios
1069 4159 1137 4198 cum
1151 4141 1249 4200 Iuniis
1264 4137 1377 4202 Silanis
1398 4152 1514 4202 tautum
1536 4147 1622 4205 abest
1643 4157 1675 4206 ut

342 4259 459 4320 negem,
481 4253 514 4302 ut
536 4242 663 4300 duorum
684 4241 935 4303 consobrinorum
951 4239 985 4301 G.
999 4242 1092 4318 Appii
1107 4239 1205 4301 Silani
1227 4260 1288 4302 cos.
1311 4263 1338 4302 a.
1355 4241 1395 4304 08
1416 4254 1447 4303 01
1460 4245 1565 4304 Iuniae
1581 4245 1673 4306 Glau-

340 4345 432 4404 dillae
459 4345 581 4404 nomina
607 4341 776 4402 Claudiana
803 4342 915 4401 ducant
939 4344 979 4402 ad
1004 4344 1206 4405 coniecturam
1232 4359 1417 4404 communem
1445 4365 1548 4406 eorum
1575 4351 1672 4408 aviam

420 4603 443 4667 1)
470 4607 532 4659 Noa
550 4620 768 4670 supervacaneum
787 4605 836 4654 erit
855 4620 960 4654 monere
979 4613 1068 4656 cautos
1087 4606 1226 4655 admodum
1245 4621 1292 4656 nos
1312 4622 1366 4657 esse
1386 4609 1479 4658 debere
1498 4610 1526 4659 in
1545 4612 1671 4662 eiusmodi

343 4698 537 4761 cognominibus
555 4692 717 4746 hereditariis
737 4697 769 4746 ab
789 4698 829 4759 iis,
850 4697 941 4761 quibus
961 4697 1000 4746 ius
1019 4698 1047 4746 in
1066 4711 1096 4746 ea
1109 4698 1150 4758 sit,
1171 4698 1350 4748 abiudicaridis
1362 4708 1467 4764 propter
1479 4704 1671 4765 usurpationem

343 4797 432 4842 cerum
450 4787 580 4838 omlssam.
600 4789 639 4838 Ita
659 4787 764 4838 Tacitus
783 4790 810 4838 in
829 4787 964 4838 annalibus
984 4803 1007 4838 a.
1023 4787 1066 4838 ot.
1082 4789 1115 4838 65
1135 4789 1170 4838 D.
1190 4789 1281 4840 Silano
1301 4799 1443 4854 cognomen
1463 4792 1591 4857 Torquati
1610 4795 1670 4844 dare

341 4878 430 4940 solat,
442 4879 522 4928 Lucio
542 4891 648 4943 negare,
669 4885 697 4930 ut
715 4879 780 4928 adeo
799 4879 895 4928 scribat
915 4879 957 4942 16,
972 4881 1002 4930 8:
1028 4881 1108 4946 speum
1127 4877 1216 4930 60111110
1235 4877 1350 4930 &lanum
1368 4883 1494 4948 increpuit
1510 4883 1600 4934 iisdem
1619 4887 1671 4952 qui-

343 4968 388 5018 bua
408 4974 526 5034 1100111111
546 4969 601 5020 ciue
623 4967 787 5036 Torquatum
812 4977 840 5020 at
862 4965 1029 5020 nihilominus
1053 4969 1140 5035 paullo
1164 4977 1222 5036 post
1246 4975 1317 5022 012
1342 4973 1447 5023 eosdem
1465 4974 1584 5026 homines
1603 4991 1671 5026 com·

341 5061 461 5122 plerrtitar
477 5061 650 5124 appellatione
668 5062 778 5112 douram
798 5063 997 5128 Torquatorum.

418 5167 443 5230 ²)
469 5168 620 5230 01010111
643 5172 755 5221 consulis
775 5185 798 5221 a.
814 5171 866 5224 809
882 5191 915 5213 =
931 5173 965 5222 56
991 5187 1058 5222 uxor
1077 5173 1210 5237 Torquate
1233 5173 1301 5234 (ride
1327 5175 1533 5239 qnaeadnotaui
1553 5175 1671 5226 101Βο1-

337 5261 461 5323 000100-
476 5276 536 5328 upp.
558 5263 583 5324 3,
598 5261 659 5314 303.
675 5263 738 5325 toll
758 5279 790 5314 ex
811 5277 860 5329 qna
879 5271 954 5327 gente
973 5264 1058 5326 inerit,
1079 5268 1214 5315 nesclmus.
