3654 6072
131 1436 210 1546 lle
249 1439 505 1579 praetacto
544 1436 829 1545 nostrorum
867 1439 920 1546 ot
951 1438 1205 1573 praefecto
1238 1443 1469 1582 legionis.

703 1733 905 1746 ——n———u—

221 1931 419 2008 Reipublicae
438 1929 596 1988 Romanae
619 1923 752 1985 condicio
774 1927 931 2004 formaque
954 1929 1096 1988 universa
1117 1950 1184 1991 cum
1206 1935 1280 1994 satia
1303 1937 1378 1996 bene
1401 1959 1470 2019 cog-

133 2041 282 2091 noscatur
303 2052 349 2106 aa,
371 2051 447 2108 quae
468 2029 574 2108 primis
595 2027 665 2086 inda
687 2047 706 2086 a
720 2025 861 2088 Caesaris
877 2030 1067 2108 Augustique
1090 2039 1188 2094 aetate
1210 2037 1339 2098 saeculis
1361 2042 1388 2100 si
1409 2061 1470 2104 non

133 2134 266 2193 florebat
287 2141 318 2192 at
339 2133 482 2204 durabat,
510 2149 565 2189 neo
585 2130 684 2189 minua
706 2147 757 2200 ea,
787 2131 872 2188 cuius
893 2130 1016 2190 notitiae
1038 2131 1215 2210 dignitatum
1237 2139 1394 2218 utriusque
1415 2145 1471 2206 im-

132 2235 213 2312 perii
234 2236 384 2314 insignem
405 2242 576 2310 proponunt
596 2229 766 2307 imaginem,
788 2231 861 2289 iuris
881 2231 965 2290 illam
986 2233 1074 2292 libris
1096 2235 1185 2294 ctiam
1201 2243 1369 2302 accuratius
1384 2245 1471 2305 illus-

134 2346 258 2409 tratam,
278 2337 357 2394 inter
377 2337 476 2412 ipsum
499 2333 612 2392 saeculi
632 2331 722 2407 primi
743 2332 928 2408 secundique
949 2340 979 2392 et
1001 2335 1112 2393 saeculi
1134 2339 1234 2412 quarti
1248 2342 1402 2420 quintiqua
1415 2348 1471 2407 lm·

133 2437 214 2515 perii
236 2445 348 2496 statum
369 2455 435 2494 cum
457 2436 490 2493 in
511 2436 600 2494 rebus
621 2432 760 2493 civilibus
782 2441 846 2490 tum
866 2434 898 2490 iu
919 2435 1099 2494 militaribus
1120 2446 1203 2498 tanta
1223 2449 1271 2499 est
1294 2443 1471 2522 differentia,

134 2546 169 2597 ut
190 2539 343 2614 quomodo
365 2538 440 2595 alter
462 2555 501 2594 ex
522 2535 617 2595 altero
639 2544 723 2592 ortus
746 2533 786 2592 sit
806 2534 886 2592 haud
907 2535 994 2592 facile
1007 2537 1206 2614 perspiciatur
1221 2551 1310 2618 atque
1325 2563 1361 2604 eo
1375 2567 1471 2624 paene

134 2639 262 2699 inclinet
287 2639 406 2716 opinio,
432 2656 512 2696 nova
537 2637 660 2696 omniuo
685 2635 870 2712 reipublicae
897 2638 1062 2696 senescenti
1087 2639 1281 2702 fundamenta
1301 2647 1381 2706 iacta
1402 2669 1471 2712 esse

135 2742 175 2800 ab
197 2741 438 2817 imperatoribus,
465 2740 518 2815 qui
539 2737 660 2797 sacculo
681 2737 770 2796 tertio
792 2743 919 2796 exeunte
940 2747 970 2796 et
990 2739 1112 2800 ineunte
1133 2753 1240 2819 quarto
1262 2747 1364 2807 orbem
1384 2769 1472 2811 rexe-

136 2842 206 2902 rint.
244 2841 358 2901 Verum
380 2842 458 2899 enim
476 2859 548 2899 vero
570 2839 668 2897 forma
688 2838 871 2915 reipublicae
893 2858 970 2915 quae
992 2839 1098 2900 dicitur
1113 2840 1365 2908 Constantiniana
1378 2852 1471 2911 baud·

136 2961 290 3021 quaquam
319 2959 398 3001 nova
424 2941 622 3017 absolutaque
648 2959 687 2998 ex
713 2937 896 2998 Diocletiani
918 2938 1169 3020 Constantiuique
1195 2946 1324 3024 ingeniis
1351 2953 1471 3030 prodiit,

138 3045 202 3118 sed,
224 3053 258 3104 ut
271 3045 429 3120 Augustus
451 3044 534 3114 olim,
556 3059 632 3119 quas
654 3041 757 3118 priora
776 3047 913 3116 tempora
929 3042 1133 3103 institutiones
1148 3047 1345 3123 protulerant,
1366 3055 1471 3116 recisis

138 3163 217 3222 quae
242 3160 350 3221 parum
379 3152 467 3221 aptae
496 3143 683 3215 videbantur,
712 3142 779 3218 ipse
804 3143 943 3214 retinuit,
975 3161 1071 3202 novas
1104 3147 1240 3208 modeste
1266 3151 1394 3226 addidit,
1428 3158 1472 3216 sic

137 3248 183 3305 illi
210 3264 330 3323 quoque
357 3247 552 3321 imperatores
579 3244 668 3320 plura
689 3251 812 3319 accepta
833 3261 852 3302 a
872 3244 1022 3319 prioribus
1044 3258 1240 3307 servaverunt
1263 3254 1359 3330 magis
1380 3273 1471 3332 quam

137 3365 219 3409 nova
244 3353 441 3423 procrearunt
467 3347 504 3404 ab
531 3345 608 3422 ipsis
631 3344 770 3421 primitus
792 3344 922 3403 iuventa.
966 3343 1084 3418 Quodsi
1105 3348 1142 3406 de
1164 3351 1300 3428 Augusto
1321 3355 1397 3414 illud
1419 3375 1471 3416 no·

137 3455 202 3507 tum
230 3455 279 3506 est
307 3467 362 3507 nec
389 3447 477 3506 facile
506 3455 647 3525 negatur,
677 3446 713 3503 de
743 3444 934 3503 Diocletiano
962 3454 1062 3505 autem
1085 3447 1343 3530 constantinoque
1372 3459 1471 3518 minus

137 3560 253 3622 notum,
274 3551 332 3608 hoc
353 3548 490 3624 inprimis
512 3548 543 3607 in
564 3565 657 3606 causa
678 3554 733 3618 est,
755 3545 836 3621 quod
857 3545 894 3603 de
909 3531 1014 3606 'aetate
1035 3565 1112 3624 quae
1125 3551 1295 3626 Augustam
1317 3561 1472 3618 antecede-

137 3654 190 3710 bat
209 3652 310 3711 fontes
331 3649 483 3726 profluunt
504 3659 534 3708 et
554 3649 631 3726 largi
654 3649 728 3707 satis
749 3657 780 3706 et
800 3647 882 3718 boni,
908 3648 987 3708 unde
1008 3649 1116 3708 notitia
1136 3651 1255 3712 illarum
1277 3675 1376 3716 rerum
1398 3653 1472 3719 bau-

135 3754 242 3826 riatur,
270 3761 375 3811 contra
394 3750 620 3810 Diocletianum
645 3749 798 3826 praecedit
824 3749 977 3808 sacculum
1007 3750 1139 3810 omnium
1161 3771 1239 3828 quae
1259 3759 1389 3833 populus
1410 3761 1473 3820 Ro·
1520 3816 1523 3822 .

136 3871 245 3914 manus
267 3853 343 3912 vidit
368 3851 591 3922 tristissimum,
619 3868 679 3926 quo
705 3851 865 3927 imperium
890 3851 1026 3926 pestibus
1053 3861 1142 3929 atque
1163 3854 1250 3914 bellis
1272 3861 1406 3920 externis
1427 3864 1472 3922 in-

136 3955 316 4029 testinisque
339 3953 481 4012 continno
501 3953 665 4012 laceratum
680 3970 776 4029 paene
791 3952 950 4028 expiravit,
974 3961 1063 4030 atquo
1077 3955 1155 4014 inter
1168 3957 1304 4019 miserias
1319 3962 1473 4023 hominum

137 4057 387 4130 calamitatesque
410 4053 541 4113 silebant
561 4073 673 4116 musae.
713 4051 780 4112 Nec
801 4060 901 4111 tamen
922 4071 1026 4114 omnes
1048 4055 1170 4115 illorum
1191 4066 1359 4137 temporum
1380 4072 1472 4126 testes

138 4159 369 4227 obmutuerunt,
392 4155 447 4213 scd
468 4173 563 4234 genus
585 4154 734 4231 quoddam
757 4163 909 4212 servatum
931 4164 979 4214 est
1000 4156 1026 4214 si
1047 4175 1109 4215 nou
1130 4158 1275 4218 disertum
1297 4171 1471 4238 etcertum,

137 4259 279 4335 quodque
308 4256 489 4334 gravissima
515 4273 652 4332 quaeque
680 4263 760 4314 recte
787 4255 985 4332 interroganti
1013 4257 1165 4318 indicabit.
1213 4259 1278 4321 Scit
1310 4263 1388 4324 enim
1420 4266 1471 4341 qui

137 4359 309 4437 paullulum
335 4357 374 4416 ad
400 4357 613 4433 inscriptiones
640 4375 694 4433 per
721 4356 823 4414 orbem
845 4355 1012 4415 Romanam
1039 4376 1160 4435 sparsas
1182 4361 1312 4421 animum
1334 4365 1472 4438 advertit,

138 4469 229 4536 qnam
256 4459 354 4518 multa
379 4459 416 4517 de
442 4459 507 4518 eius
534 4458 645 4534 ipsius,
672 4457 708 4516 de
734 4475 794 4532 quo
818 4457 981 4534 loquimur,
1007 4460 1075 4518 aevi
1096 4461 1223 4520 historia
1243 4471 1381 4540 statuque
1402 4466 1471 4526 inda

139 4561 216 4622 disci
242 4559 370 4638 possint.
415 4557 510 4618 Cuius
536 4559 581 4616 rei
608 4558 747 4635 exempla
772 4559 916 4618 nonnulla
943 4559 1001 4618 hoc
1029 4560 1098 4619 loco
1125 4561 1197 4620 dara
1223 4563 1254 4620 iu
1282 4565 1383 4623 animo
1409 4575 1470 4640 cst;

138 4661 258 4720 initium
286 4667 387 4720 autem
411 4661 538 4718 facimus
565 4658 602 4717 ab
628 4659 763 4718 instituto
790 4659 892 4735 aliquo
913 4661 1051 4733 militari,
1080 4661 1118 4720 ad
1139 4664 1219 4738 quod
1245 4683 1352 4740 parum
1373 4667 1472 4728 adbuc

140 4764 333 4822 attenderunt
346 4760 404 4821 viri
418 4761 498 4820 docti
508 4759 547 4837 ¹),
570 4761 774 4837 praefecturas
791 4761 856 4818 dico
873 4769 1039 4820 castrorum
1054 4769 1084 4820 et
1097 4763 1235 4840 legionis,
1257 4783 1383 4842 quarum
1398 4770 1471 4829 alte-

140 4883 203 4923 ram
225 4883 265 4924 ex
280 4863 376 4922 altera
397 4870 494 4921 ortam
516 4880 583 4922 esse
605 4861 817 4922 demonstrabo
838 4861 929 4939 idque
950 4863 1099 4939 quomodo
1121 4870 1152 4924 et
1173 4882 1233 4942 quo
1254 4873 1387 4946 tempore
1408 4871 1471 4932 fac·

140 4974 202 5024 tum
225 4965 265 5024 sit
287 4983 448 5042 exponam.

217 5185 241 5266 ¹)
270 5185 340 5236 Nam
364 5201 429 5250 quae
455 5187 487 5236 dc
505 5186 548 5236 his
572 5187 721 5237 muneribus
739 5187 779 5237 vel
803 5187 836 5236 de
855 5185 977 5236 alterutro
995 5203 1084 5238 eorum
1105 5198 1279 5254 exposuerunt
1296 5193 1362 5244 Lud.
1382 5195 1470 5260 Lange

143 5275 201 5326 bist.
226 5277 398 5328 mutationum
422 5279 460 5327 rei
484 5278 559 5329 milit.
579 5278 756 5332 Romanorum
776 5277 926 5343 (Gottingae
947 5279 1027 5341 1846)
1047 5296 1072 5345 p.
1087 5281 1121 5334 4⁵
1148 5289 1173 5332 at
1195 5283 1349 5348 Marquardt
1366 5282 1470 5336 chdb.

1227 5373 1245 5429 6
1260 5421 1263 5425 .
