3568 6070
501 635 1106 694 onsnnvnrronnsurmn.vn.vn1.
1389 627 1461 700 143

140 810 180 885 (a
193 807 375 885 trs-tta)
397 815 449 868 aut
470 803 525 868 sub
539 807 715 868 Alexandro
738 809 779 884 (a
796 805 976 886 att-235)
997 809 1172 872 Britanniae
1191 813 1367 892 praefuerita
1388 821 1462 880 mihi

138 920 236 970 tamen
257 911 333 969 haec
353 910 526 969 coniectura
545 928 651 985 parurn
671 910 825 988 probatur.

217 1011 310 1070 Addo
336 1010 421 1070 locos
447 1009 591 1090 quosdam
621 1017 791 1093 auctorum,
822 1011 874 1086 qui
905 1010 945 1070 ad
972 1011 1051 1070 hunc
1079 1009 1222 1074 Sabinum
1256 1017 1368 1078 reterri·
1393 1037 1460 1098 pos·

137 1111 204 1169 sint
254 1109 369 1170 Narrat
394 1111 446 1187 qui
474 1111 563 1168 vitam
591 1107 748 1187 Elagabuli
777 1111 897 1186 scripsit
922 1130 947 1171 c.
965 1111 1003 1171 16
1031 1114 1090 1172 sic:
1118 1112 1257 1174 Sabinum
1285 1121 1460 1182 consularem

135 1213 240 1281 amm,
266 1213 311 1270 ud
335 1230 416 1288 quom
441 1211 529 1270 libros
554 1210 697 1288 Ulpianus
724 1211 893 1288 nnprtss),
921 1214 1000 1288 quod
1023 1215 1055 1270 la
1080 1215 1149 1274 urbe
1172 1221 1353 1280 renunciaret
1376 1222 1460 1298 (uam

135 1311 266 1370 iusserat
286 1312 451 1390 imperator
470 1319 607 1372 senatum
629 1313 703 1372 urbe
722 1311 878 1387 decedere)
903 1321 1001 1372 nocato
1022 1318 1181 1374 cannono
1200 1319 1380 1382 mollioribus
1395 1343 1465 1384 'aare

136 1413 178 1470 bis
203 1414 292 1470 iussit
316 1414 425 1473 occidi.-
449 1414 501 1471 esd
524 1416 650 1472 scamno
676 1431 747 1472 aare
771 1414 902 1472 surdiori
927 1415 1065 1488 imperari
1090 1415 1148 1474 eibi
1172 1419 1309 1491 credidit,
1337 1433 1369 1482 at
1392 1425 1462 1484 urba

131 1513 302 1588 pelleretur:
328 1515 372 1572 sic
395 1515 493 1572 citium
519 1515 690 1573 centurionis
711 1512 820 1574 Sabino
846 1514 1027 1588 saluti'sur't,
1054 1533 1151 1592 neque
1171 1519 1330 1596 quicquam
1351 1525 1461 1598 obstat,

135 1613 295 1688 quominus
324 1632 389 1672 eam
418 1607 671 1674 narratiunculam
698 1613 736 1672 ad
765 1610 909 1674 Sabinum
936 1621 1072 1673 nostrum
1100 1615 1280 1692 referamus3
1314 1623 1368 1682 sed
1394 1626 1462 1700 pa'ri

135 1713 198 1772 iure
225 1714 377 1789 pertinere
401 1723 501 1791 potest
527 1714 566 1772 ad
591 1713 629 1772 P.
655 1711 777 1774 Catium
806 1711 950 1774 SabInum
979 1715 1131 1776 consulem
1158 1736 1186 1776 a.
1207 1718 1276 1780 216.
1300 1755 1338 1766 —
1372 1721 1461 1798 Quod

135 1811 195 1871 Dio
221 1815 329 1874 scribit
351 1814 441 1888 tae
466 1814 635 1875 Pollenium
662 1812 833 1876 Sebennum
858 1814 1021 1874 delatorem
1047 1816 1103 1876 sub
1129 1814 1242 1878 Severo
1268 1831 1375 1898 postea
1397 1825 1462 1885 No·

134 1913 214 1988 riuis,
236 1933 315 1992 quos
336 1916 414 1975 male
434 1915 714 1990 administravisset,
735 1915 774 1975 ad
793 1933 921 1992 poenam
942 1915 1117 1976 sumendam
1137 1917 1268 1979 deditum
1290 1940 1357 1982 esse
1372 1943 1391 1983 a
1406 1924 1461 1987 Sa·
1546 1902 1554 1917 ⁸

134 2014 204 2072 bino
228 2005 377 2092 (latebris
398 2009 452 2074 bri
474 2008 604 2078 Σαβίνου
626 2018 684 2074 τοῖς
703 2018 847 2098 Necessarie,
873 2003 911 2073 ὧν
931 2005 1025 2098 ἄρξας
1046 2005 1127 2074 albic
1147 2015 1275 2102 χρηστόν
1295 2015 1461 2096 ἐπεποιήκει,

135 2105 281 2192 simma
299 2106 456 2192 πέπονθε),
476 2123 574 2194 neque
589 2117 664 2175 satis
678 2114 821 2193 intellego
834 2134 890 2177 nec
903 2118 1000 2194 magis
1014 2116 1052 2175 ad
1066 2134 1224 2193 quemnam
1238 2119 1380 2184 Sabinum
1394 2144 1460 2202 per·

134 2215 226 2274 tinent
246 2216 407 2293 perspicio.
423 2249 462 2262 -
483 2214 623 2293 Denique
638 2214 767 2277 Sabinus
788 2217 816 2277 is
837 2218 891 2294 qui
911 2218 1126 2295 praefecturam
1142 2221 1231 2296 urbis
1252 2231 1323 2298 post
1336 2244 1461 2285 munera

135 2317 289 2394 complura
303 2317 474 2377 consularia
493 2316 705 2378 administrans
727 2336 754 2377 a.
767 2317 827 2378 237
848 2319 880 2378 in
901 2319 1030 2378 tumultu
1052 2320 1134 2379 civili
1154 2321 1293 2399 periit²)‚
1313 2333 1414 2401 potest
1433 2329 1460 2386 is

135 2416 197 2493 ipse
216 2435 301 2490 esse,
322 2417 360 2477 de
381 2436 441 2496 quo
462 2418 594 2495 agimue3
616 2435 797 2496 quamquam
818 2419 868 2478 hic
888 2437 1007 2496 quoqne
1027 2419 1100 2478 item
1120 2421 1157 2479 da
1178 2421 1215 2481 P.
1237 2421 1325 2483 Catio
1347 2423 1461 2486 Sabino

134 2518 256 2596 cogitari
279 2525 387 2596 potest.
423 2516 505 2579 Sane
518 2520 595 2578 sicut
608 2501 696 2578 nobis
711 2519 862 2592 suecessit,
885 2528 918 2578 ut
931 2538 990 2597 ope
1003 2519 1156 2579 titulorum
1168 2541 1264 2600 nuper
1275 2535 1460 2602 repertorum

133 2617 238 2678 horum
261 2628 432 2696 temporum
453 2619 610 2698 caliginem
631 2619 811 2698 quibusdam
831 2621 994 2679 luminibus
1014 2620 1248 2697 illustraremus,
1272 2624 1316 2684 ita
1337 2644 1461 2703 speran-

134 2719 201 2780 dum
222 2727 275 2780 est
294 2721 369 2794 iore,
391 2729 425 2780 nt
444 2721 663 2797 posterioribus
684 2733 814 2799 quoque,
839 2721 927 2782 modo
948 2721 1058 2782 curiosi
1079 2739 1148 2784 esse
1168 2732 1303 2802 pergant,
1324 2726 1461 2788 similiter

136 2823 290 2900 contingat
310 2821 348 2881 ab
370 2821 418 2882 his
439 2822 681 2900 temptamInibus
703 2823 858 2902 pervenire
879 2822 1083 2884 adulteriora
1104 2831 1135 2884 et
1154 2825 1290 2885 certiora

322 3255 412 3316 VIII.
455 3251 640 3315 TITVLVS
662 3251 847 3318 ATTICVS
870 3251 1004 3313 FRVGI
1024 3252 1081 3312 ET
1101 3251 1279 3316 Pisonis.

217 3399 337 3476 Viginti
358 3399 466 3460 abhinc
487 3396 574 3458 annis
596 3415 635 3458 ex
655 3396 812 3474 parietinis
832 3397 1019 3460 Athenarum
1040 3415 1118 3474 quae
1139 3398 1261 3460 emeruit
1279 3399 1362 3460 basis
1384 3419 1461 3462 mar·

138 3501 225 3560 moria
247 3500 395 3562 Pentelici
416 3505 557 3578 prostans
578 3497 668 3556 hodie
688 3499 728 3558 ad
748 3489 970 3560 Parthenouem
992 3498 1175 3560 occidentem
1197 3499 1341 3575 rersna³)

504 3631 527 3676 0
548 3632 655 3678 aanor

381 3767 514 3814 naamon
564 3765 766 3811 rannoruron
854 3763 983 3811 amnon
1050 3765 1215 3810 urxrunrou

382 3868 512 3914 uarrror
538 3867 614 3912 nou
642 3866 769 3911 narrans
856 3865 981 3910 maeror
1005 3865 1081 3910 mou
1108 3852 1216 3914 broni

383 3965 771 4016 amorstansmruruus
858 3951 1218 4012 aruorarsnarmrnz'arz

536 4067 624 4111 arou
639 4101 642 4106 ,
994 4066 1096 4112 aaron

139 4193 174 4233 eo
188 4174 308 4235 nomine
321 4173 459 4252 insignis,
475 4171 556 4248 quod
571 4170 649 4229 duos
663 4169 790 4229 duarum
803 4171 1057 4230 nobilissimarum
1067 4169 1247 4228 familiarum
1258 4169 1461 4230 Romanarum

140 4276 218 4336 viros
241 4274 406 4352 coniungit,
432 4272 489 4332 etsi
509 4288 571 4330 uon
591 4270 686 4331 semel
705 4270 817 4350 prodiit
838 4271 990 4350 descripta
1008 4275 1069 4331 tam
1091 4289 1110 4331 a
1131 4270 1260 4330 Pittacio
1282 4265 1365 4347 (Ἐφ.
1387 4265 1460 4354 cipp.

216 4531 240 4595 ι)
268 4532 374 4585 Scilicet
389 4529 519 4582 =confudit
546 4529 655 4594 scriptor
682 4528 788 4580 inscitus
811 4543 870 4579 cum
894 4529 992 4582 Sabino
1014 4527 1064 4578 hnc
1086 4527 1230 4579 Masurium
1249 4526 1374 4579 Sabinum
1398 4527 1462 4577 iuris

142 4630 269 4674 auctorem
288 4623 379 4673 aetatis
397 4619 561 4673 Tiberianae.

215 4712 241 4777 ²)
268 4713 433 4766 Herodianus
446 4713 472 4774 ⁷,
487 4713 517 4762 lr
536 4705 597 4778 ipra
613 4702 725 4776 malma
743 4701 865 4774 Ιμψυλὶου
883 4701 984 4776 ἕγίνιτο,
1005 4699 1036 4764 cic
1052 4702 1093 4756 uui
1104 4694 1146 4756 ric
1157 4703 1201 4770 riis
1211 4693 1308 4764 πέλιως
1320 4694 1463 4778 Ιπᾶρχοντα

143 4795 204 4871 paral
222 4792 326 4874 πρᾶξιις
347 4789 448 4859 πολλαὶς
464 4789 583 4858 &arcada
605 4795 732 4866 (Σιβῒνος
750 4793 778 4847 bi
796 4786 824 4862 ἧν
842 4786 920 4867 ὄνομα
938 4790 1017 4864 abab)
1035 4786 1187 4867 βουλὲμινον
1204 4793 1316 4848 κωλῦσαι
1332 4787 1365 4848 aui
1381 4786 1463 4867 γιγνὸ-

144 4911 202 4962 pera
219 4883 287 4963 ξῦλφ
310 4889 453 4944 saaraim
475 4883 539 4942 auaui
562 4887 606 4940 sci
628 4880 726 4958 speclea
743 4886 901 4954 τελευτῆσαι.
937 4890 1000 4941 Vita
1018 4887 1100 4942 (iord.
1120 4890 1168 4941 1³:
1193 4894 1251 4940 tuac
1273 4895 1299 4940 st
1316 4888 1464 4956 praesecata

143 4985 201 5035 urbi
212 4984 321 5037 sabana
338 4983 481 5037 consularia
498 4983 549 5032 iarn
566 4981 608 5032 cir
617 4979 690 5046 stote
702 4995 839 5048 percaram
857 4975 953 5032 ocrim
971 4986 996 5031 et
1012 4980 1040 5030 in
1055 4977 1156 5048 publico
1175 4979 1310 5032 dereliotm
1326 4987 1374 5042 eat,
1393 4979 1463 5031 unde

145 5077 298 5142 supplendus
316 5083 355 5128 est
371 5076 445 5126 locus
462 5073 537 5124 hians
555 5073 623 5124 vitae
641 5071 779 5124 MaximIni
798 5087 820 5122 c.
835 5072 878 5123 lb.
914 5109 918 5118 .
1235 5142 1237 5147 Ι

218 5165 242 5230 ¹)
270 5169 303 5220 In
326 5167 427 5234 postica
448 5171 521 5231 parte
544 5163 658 5214 eiusdem
681 5163 752 5217 basis
778 5178 843 5232 quae
869 5163 964 5229 scripta
991 5167 1049 5214 sunt
1076 5151 1105 5213 ll
1112 5152 1122 5210 l
1148 5163 1273 5210 toulant
1298 5163 1462 5210 ΑΝΕΘΗΚΕΝ

146 5259 299 5322 aprinum
316 5257 484 5323 inscriptione
501 5255 586 5308 aliena
603 5261 670 5307 sunt.
