3642 6062
303 553 322 624 7
328 553 349 622 2
874 563 1058 618 nouusau
1120 545 1121 550 '

301 743 361 802 Hic
388 742 493 800 titulus
521 741 634 799 relatus
664 741 743 814 apud
765 739 914 798 Orellium
941 759 970 796 n.
988 737 1026 796 57
1054 737 1127 796 mihi
1157 738 1278 812 quidem
1306 739 1372 814 ipse
1401 733 1495 796 falsus
1517 735 1640 794 videtur·

302 861 383 914 esse3
410 851 490 900 certe
516 842 594 900 male
621 841 728 898 dicitur
753 841 917 918 imperator
942 839 1152 900 Diocletianus
1180 835 1294 898 Caesar
1320 839 1473 914 Augustus
1500 846 1530 896 et
1555 838 1638 896 male

302 944 463 1002 cohaerent
489 944 600 1002 omnia.
644 939 704 1000 Sed
730 949 764 998 ut
789 959 855 999 eam
884 941 1089 1016 quaestionem
1118 939 1254 998 ulteriori
1281 941 1411 997 examini
1439 955 1639 1010 reservemus,

302 1046 359 1103 hoc
379 1044 503 1102 dubium
524 1061 584 1100 nou
606 1050 652 1100 est
669 1041 901 1101 Gutenstenium
924 1050 953 1099 et
973 1041 1162 1118 imperatoris
1184 1041 1306 1099 nomina
1326 1050 1437 1098 temere
1459 1041 1639 1098 emendasse

304 1152 335 1202 et
366 1145 499 1217 sublata,
532 1163 609 1220 quae
641 1144 765 1202 thermis
796 1162 902 1218 parum
936 1142 1095 1200 convenire
1121 1142 1282 1214 videretur,
1314 1141 1533 1218 dactyliothece
1564 1143 1640 1198 sub·

306 1245 439 1306 stituisse
461 1247 652 1322 nympheum.

389 1345 457 1404 Hoc
483 1345 744 1422 interpolationem
771 1363 866 1422 genus
892 1364 957 1403 cum
980 1345 1111 1422 primum
1134 1345 1256 1420 agnovi,
1284 1363 1344 1402 non
1373 1344 1446 1401 11111
1475 1343 1504 1399 11
1529 1341 1639 1400 distin-

306 1463 399 1522 guens
421 1447 459 1504 ab
481 1447 760 1522 interpolationibus
783 1447 1014 1521 antiquioribus,
1041 1445 1072 1502 id
1093 1445 1214 1516 estiis,
1241 1463 1318 1520 qnae
1339 1445 1490 1521 profectae
1511 1463 1551 1501 ex
1573 1443 1639 1519 syl·

306 1547 386 1622 logis
408 1547 527 1623 seriptis
549 1547 671 1605 saeculo
685 1546 744 1604 XV
767 1555 829 1604 tum
851 1565 916 1604 cum
939 1547 1105 1604 scribebam
1128 1546 1225 1604 adhuc
1245 1545 1407 1604 latentibus
1428 1545 1557 1621 primum
1580 1563 1639 1620 pu-

307 1648 383 1706 blice
405 1649 500 1708 editae
522 1654 592 1706 sunt
613 1648 643 1706 in
661 1665 784 1724 corpore
798 1647 1005 1717 Mazochiano,
1027 1649 1123 1705 erravi
1139 1665 1198 1704 nou
1213 1647 1250 1704 11
1264 1647 1378 1718 fraude,
1401 1647 1453 1704 sed
1469 1647 1505 1704 11
1519 1645 1637 1704 fraudis

308 1749 422 1824 origine
449 1756 479 1807 et
500 1755 606 1806 aetate.
650 1748 714 1806 Iam
742 1767 808 1805 eum
830 1749 963 1824 syllogus
985 1747 1053 1805 illas
1075 1749 1303 1826 cognoverimus
1330 1748 1509 1824 perscrutati
1531 1746 1640 1804 biblio-

308 1850 426 1920 thecas,
455 1848 575 1906 videant
603 1849 625 1906 ii
650 1849 701 1924 qui
728 1850 831 1908 titulos
860 1849 990 1907 urbanos
1016 1857 1248 1927 recognoseunt,
1277 1869 1348 1906 num
1375 1849 1440 1907 1111
1465 1848 1577 1925 possit,
1605 1857 1640 1906 ut

309 1948 436 2024 demptis
464 1949 760 2026 interpolationibus,
788 1967 864 2024 quas
891 1969 909 2006 1
939 1949 1136 2010 Gutenstenio
1164 1950 1313 2026 profectas
1340 1967 1407 2008 1111
1436 1950 1509 2008 mihi
1534 1950 1642 2007 videor

309 2051 548 2122 demonstrasse,
577 2049 817 2111 Gutensteniana
844 2069 880 2106 ea
907 2051 943 2108 11
972 2051 1082 2125 quibus
1109 2051 1227 2130 agimus
1253 2052 1377 2110 redeant
1404 2051 1442 2109 11
1470 2049 1640 2126 Carpensia

272 2143 275 2150 ’
309 2152 363 2210 illa
389 2160 530 2229 excerpta
556 2153 686 2227 itemque
708 2151 898 2210 Mazoohium
926 2151 1039 2210 editum
1066 2170 1132 2209 cum
1156 2153 1371 2228 supplementis
1394 2153 1513 2228 scriptis
1535 2151 1640 2209 Metel·

309 2251 411 2310 lianis:
434 2260 467 2311 ut
488 2252 606 2310 tandem
629 2253 790 2327 aliquando
813 2251 948 2326 quiescat
968 2253 1073 2309 umbra
1095 2253 1223 2311 molesta
1244 2253 1355 2311 codicis
1376 2253 1466 2312 istius
1481 2251 1640 2310 cardinalis

311 2351 484 2430 Carpensis,
507 2355 562 2412 sub
577 2371 638 2429 quo
652 2353 772 2411 nomine
787 2371 864 2428 quae
876 2353 966 2410 hodie
981 2353 1239 2424 circumferuntur,
1262 2372 1298 2411 ea
1311 2353 1449 2428 equidem
1463 2371 1641 2428 persuasum

310 2455 407 2512 habeo
436 2463 488 2514 aut
508 2455 644 2532 vulgaria
670 2472 737 2512 esse
763 2462 815 2511 aut
835 2471 934 2512 meras
956 2472 1052 2530 nugas
1075 2472 1093 2510 a
1117 2453 1315 2512 Guteustenio
1338 2454 1533 2532 excogitatas.
1575 2453 1640 2511 Eos

312 2563 411 2614 autem
440 2556 557 2627 titulos,
586 2555 637 2629 qui
665 2555 775 2630 prolati
802 2574 870 2612 cum
897 2554 1044 2612 eiusmodi
1071 2554 1244 2612 auctoritate
1269 2555 1463 2613 nihilomiuus
1488 2555 1597 2612 absunt
1623 2573 1643 2612 a

313 2657 432 2714 schedis
455 2657 576 2732 scriptia
591 2655 780 2725 Metellianis,
803 2673 879 2731 quas
902 2655 1064 2714 secundum
1087 2673 1122 2711 11
1143 2673 1220 2730 quae
1242 2655 1372 2714 diximus
1387 2655 1454 2712 ‘iam
1477 2655 1549 2714 satis
1570 2672 1642 2712 con·

313 2765 372 2814 stat
393 2763 452 2814 tam
476 2757 579 2831 plenas
600 2773 667 2813 esse
689 2755 778 2812 hodie
799 2755 830 2812 in
851 2755 1034 2814 bibliotheca
1049 2755 1196 2814 Vaticana
1217 2774 1307 2831 quam
1328 2757 1451 2814 fuerunt
1472 2757 1552 2831 apud
1570 2755 1641 2814 Val-

312 2857 427 2927 laeum,
456 2866 535 2916 totos
557 2857 641 2914 fictos
662 2875 728 2914 esse
750 2857 879 2914 arbitror
901 2875 919 2913 a
941 2855 1155 2929 Gutenstenio,
1184 2858 1416 2933 idquequidam
1438 2863 1641 2918 cartaeorum

314 2955 497 3016 absurditate
518 2957 651 3034 insignes
673 2958 791 3032 egregie
814 2957 998 3016 confirmant.
1041 2957 1183 3033 Exempli
1204 2976 1295 3016 causa
1317 2958 1410 3034 selegi
1432 2959 1520 3016 hunc.

423 3086 522 3138 Romae
541 3086 568 3134 in
588 3085 665 3134 domo
685 3085 744 3136 Iulii
763 3085 898 3138 Matthaei.

467 3177 520 3227 Pro
545 3177 626 3226 saluta
649 3177 745 3226 reditus
765 3176 818 3225 divi
839 3178 892 3227 Titi
912 3177 985 3227 Caes.
1010 3177 1063 3226 divi
1081 3177 1143 3242 imp.
1164 3177 1317 3241 Vespasiani
1336 3177 1406 3241 Aug.
1426 3178 1445 3228 f.
1466 3177 1498 3238 Q.
1516 3176 1643 3231 Laberius

467 3269 549 3320 Rufus
568 3283 619 3318 sac.
639 3268 682 3317 111
701 3269 821 3318 Η1111111
838 3285 864 3333 p.
885 3284 905 3318 1.
924 3285 950 3333 p.

425 3359 499 3410 Grut
516 3359 577 3421 113,
592 3361 609 3408 4
626 3350 746 3410 ‘Grutero
759 3359 879 3408 Metellus
899 3374 913 3408 e
932 3375 979 3409 ms.
996 3359 1053 3408 cod.
1067 3360 1160 3410 Frena.
1174 3351 1642 3424 [1111111111]111111111111111.

315 3469 423 3533 Nonne
448 3475 490 3546 11,
519 3475 571 3550 qui
600 3473 648 3532 hic
675 3473 808 3532 venditat
834 3480 905 3531 vota
931 3475 1032 3532 nescio
1061 3491 1139 3550 quae
1165 3465 1219 3550 p'ro
1247 3474 1307 3532 divi
1333 3473 1521 3548 imperatoris
1548 3474 1645 3532 reditu

316 3588 458 3652 suscepta
483 3575 593 3652 quique
620 3574 798 3652 gemmulam
823 3593 975 3651 perraram
997 3574 1111 3632 invenit
1132 3575 1258 3632 salutem
1279 3595 1339 3634 non
1361 3575 1564 3650 imperatoris,
1592 3574 1646 3633 111

315 3676 443 3748 1111111,
471 3677 560 3751 plane
585 3677 665 3734 idem
691 3684 752 3748 est,
780 3693 867 3750 quem
890 3693 981 3751 supra
1002 3675 1130 3733 vidimus
1152 3675 1290 3752 genetivo
1310 3677 1437 3735 Pietatis
1459 3694 1514 3752 pro
1536 3675 1647 3734 Pietati

317 3775 437 3847 offendi,
458 3777 666 3852 imperatorem
684 3773 847 3834 Gaesarem
869 3777 968 3834 divum
983 3775 1113 3835 Nervam
1128 3777 1292 3836 Traianum
1316 3795 1420 3836 secure
1442 3776 1647 3853 concoquere?

318 3876 408 3940 Addo
431 3884 596 3934 monstrum
618 3876 776 3952 gemellum
798 3885 828 3936 et
849 3885 948 3936 taceo:

427 4005 525 4055 Romae
544 4005 571 4054 in
590 4005 687 4070 palatio
708 4005 846 4056 cardinalis
865 4005 1018 4056 Ganuensis.

472 4096 600 4146 Felicitati
619 4111 677 4162 ang.
697 4102 723 4146 et
741 4096 917 4160 providentiae
936 4097 990 4146 divi
1010 4097 1065 4148 Titi
1084 4097 1145 4161 imp.
1159 4098 1313 4162 Vespasiani
1332 4098 1400 4162 Aug.
1420 4098 1439 4147 f.
1459 4098 1566 4147 sublatis
1584 4113 1645 4162 pop.

470 4187 545 4237 Rom.
559 4182 654 4237 hostib.
669 4187 894 4252 perniciosissimis
908 4188 937 4238 C.
951 4189 1042 4239 Aelius
1056 4189 1193 4241 Successus
1206 4190 1236 4239 1..
1251 4189 1373 4238 Cocceius
1385 4187 1461 4239 Felix
1474 4203 1494 4238 s.
1508 4204 1534 4252 p.
1547 4187 1566 4238 f.
1580 4204 1601 4237 c.

429 4279 502 4328 Grut.
514 4280 580 4340 244,
596 4281 610 4328 8
629 4270 756 4330 ‘Gutenst
777 4293 791 4328 e
810 4294 857 4328 mr.
876 4271 997 4329 Metelli'.

403 4393 432 4452 4¹.
477 4390 583 4452 Smetii
605 4393 722 4468 sylloge
745 4393 866 4468 scripta,
888 4393 966 4452 unde
987 4402 1130 4469 excerpta
1149 4411 1242 4468 supra
1262 4394 1394 4452 diximus
1417 4391 1578 4453 Gruterum
1600 4411 1649 4452 ao·

321 4503 407 4568 cepta
432 4495 543 4552 referre
571 4511 637 4552 cum
661 4492 804 4570 Scioppio
831 4503 892 4552 tum
913 4495 1090 4570 praesertim
1113 4493 1328 4567 Gutenstenio,
1355 4513 1423 4552 cum
1444 4494 1541 4552 adhuc
1566 4500 1651 4553 extet

322 4604 441 4652 servata
466 4595 554 4652 hodie
579 4595 609 4652 in
631 4595 810 4652 bibliotheca
830 4595 950 4672 publica
970 4594 1173 4672 Neapolitana
1194 4595 1272 4671 (cod.
1289 4595 1324 4656 V.
1347 4595 1382 4654 Ε.
1406 4594 1507 4671 5fol.)
1536 4601 1565 4652 11
1587 4603 1651 4652 1ο11

322 4703 425 4752 nostra
450 4711 541 4752 11111
568 4713 700 4754 excussa
727 4697 781 4768 sit,
811 4715 865 4753 nee
886 4696 960 4756 mihi
981 4715 1035 4754 nec
1057 4697 1137 4772 quod
1159 4697 1251 4756 sciam
1264 4691 1374 4774 'operis
1397 4696 1488 4755 sociis
1509 4713 1652 4771 umquam

316 4787 352 4851 'in
376 4796 525 4871 excerptis
541 4793 730 4854 Gruterianis
751 4797 997 4872 interpolationes
1019 4815 1052 4854 se
1074 4797 1295 4874 obtulerunt1).
1331 4797 1459 4856 Videtur
1479 4797 1571 4875 igitur
1588 4794 1652 4856 Gu-

312 5038 316 5047 .
401 5001 425 5064 ¹)
452 5003 556 5054 Monuit
567 5003 731 5054 Burmannus
748 5006 816 5056 tituli
828 5007 875 5067 VI,
892 5005 961 5056 1025
977 5025 1010 5047 =
1026 5003 1099 5057 Grut.
1115 5006 1208 5069 261,5
1229 5004 1287 5056 diuo
1305 5003 1435 5058 Commodo
1454 5011 1502 5055 111.
1523 5021 1582 5056 cum
1601 5005 1652 5054 tria

325 5100 414 5145 extent
432 5095 464 5144 de
482 5095 570 5159 lapide
589 5101 698 5159 excepta
716 5097 834 5162 exempla
854 5095 945 5149 Smetii
963 5097 991 5148 iu
1009 5112 1056 5146 ms.
1075 5097 1121 5146 1111
1140 5097 1328 5161 Neapolitano,
1352 5096 1453 5146 Budaei
1472 5096 1541 5160 apud
1559 5096 1652 5146 Metel-

324 5185 390 5247 lum,
411 5185 559 5248 Cittadlnii,
585 5187 671 5237 omnia
691 5188 766 5238 finire
788 5189 816 5238 11
833 5188 959 5239 vocabulo
978 5183 1140 5238 Philumenae
1158 5194 1184 5238 et
1201 5189 1291 5238 abesae
1308 5189 1341 5238 ab
1360 5189 1392 5238 iis
1410 5187 1550 5238 clausulam
1570 5184 1595 5236 d.
1616 5185 1652 5246 1.,
