3620 6080
572 651 622 705 nn
648 635 791 711 mr'vms
816 656 974 715 scmus.
1358 663 1432 739 247
1486 679 1489 684 ’

119 919 246 978 subditae
273 939 334 977 non
362 929 473 982 essent.
517 921 595 998 (Cir.
622 921 824 1001 quaedem
849 931 890 988 re'
908 936 1049 1010 exposuit
1075 937 1221 1018 Borghesi
1247 947 1328 1010 Ann.
1355 954 1429 1016 Inst.

117 1019 197 1078 xxv
227 1019 336 1097 (1853)
368 1041 397 1098 p.
433 1021 566 1100 211sqq.
599 1025 662 1084 sive
694 1025 773 1105 Opp.
802 1029 831 1088 V
862 1049 892 1108 p.
913 1033 1043 1112 412sq.)
1092 1039 1173 1100 inter
1197 1044 1310 1109 liberas
1340 1057 1429 1117 urbes

116 1120 239 1179 Achaiae
266 1130 364 1180 autem
390 1123 556 1200 principem
582 1125 682 1185 locum
709 1130 849 1188 tenebant
875 1133 1025 1208 Athenae,
1051 1137 1095 1197 ita
1115 1151 1149 1199 ut
1170 1143 1219 1202 hic
1240 1152 1430 1222 potissimum

115 1221 176 1278 illos
196 1221 310 1298 legatos
332 1231 529 1284 commoratos
556 1243 621 1285 esse
645 1237 875 1291 consentaneum
898 1233 951 1306 sit3
977 1253 1069 1310 quare
1095 1259 1132 1298 ne
1157 1242 1332 1321 tequidem
1361 1273 1431 1318 casu

115 1321 215 1379 factum
236 1322 362 1395 videtur,
385 1325 465 1400 quod
485 1326 516 1383 iu
531 1327 619 1402 titulo
634 1327 777 1412 Africano
791 1332 947 1392 Pactumei
962 1334 1125 1399 Clementis
1144 1359 1232 1417 quem
1247 1345 1430 1428 Borghesius

115 1421 193 1480 affert
212 1421 471 1497 (Orelli-Hersen
491 1426 587 1503 6483)
615 1417 752 1488 Athenae
773 1433 939 1508 principem
967 1435 1066 1496 locum
1087 1447 1189 1500 tenent
1210 1445 1335 1522 (lepores
1355 1455 1430 1516 Dici

114 1519 255 1581 Hadriani
267 1523 391 1584 Athenio
408 1525 538 1602 Thespiis
553 1527 666 1588 Plateis
686 1535 750 1589 item
770 1537 801 1591 in
821 1533 993 1612 lhescultu).
1029 1537 1095 1598 Iam
1118 1543 1144 1600 si
1165 1527 1254 1605 etiam
1268 1551 1430 1616 Aemilium

114 1621 228 1681 Iuncum
256 1626 405 1685 eiusmodi
434 1627 566 1705 legatum
595 1629 725 1707 Augusti
757 1650 812 1708 pro
843 1645 980 1709 praetore
1008 1639 1046 1696 ad
1064 1644 1286 1721 corrigendum
1319 1661 1430 1716 statum

113 1721 263 1784 liberarum
295 1728 451 1806 ¹civitatum
483 1729 515 1786 in
547 1729 733 1803 provinciam
768 1733 915 1793 Achaiam
947 1739 1074 1797 missum
1107 1751 1284 1821 statuemus,
1318 1751 1429 1830 'optime

114 1825 311 1899 explicabitur,
333 1845 386 1886 our
407 1837 508 1886 statne
528 1829 655 1889 Athenis
674 1831 821 1890 collocata
842 1835 890 1893 sit.

188 1923 272 1998 Quae
295 1929 396 1988 omnia
416 1915 647 2006 comprobentur
667 1932 754 2002 titulo
778 1931 813 1992 Ο.
831 1933 856 1991 Ι.
874 1933 927 1994 Gr.
952 1937 1032 1996 1346
1052 1937 1087 1996 ‘A
1102 1933 1185 2005 πόλις
1198 1939 1269 2006 Tui.
1285 1945 1429 2014 Κλαύδιον

112 2015 273 2106 ‘Aput'vtmw
300 2021 522 2110 Πλμποξένου,
553 2020 690 2096 λαβὸντοέ
717 2026 772 2093 τοὶς
800 2035 852 2095 τοῖς
875 2031 1130 2117 &perscrutaretur
1157 2039 1255 2113 πειμοὲς
1278 2047 1355 2109 κατὰ
1381 2051 1429 2113 τᾶν

112 2115 183 2192 νέμον
201 2117 248 2184 καὶ
271 2123 330 2185 ἆπδ
356 2131 408 2186 τοῦ
435 2120 539 2200 δήμου,
564 2125 652 2186 ecke}
673 2121 721 2187 sect}
743 2129 757 2188 ὅ
778 2123 931 2194 θειᾶτοοτος
950 2130 1135 2224 Αὔτοκροῖπονρ
1157 2147 1269 2230 Καῖσαρ
1291 2136 1429 2234 Τραιανδς

110 2218 244 2306 ιΑδρωδς
270 2219 320 2284 καὶ
345 2222 470 2302 Αἰμίλιος
488 2226 619 2305 Ἰοῦγκος
645 2228 659 2286 o‘
686 2222 859 2302 δικαιοδὲτηο
887 2225 945 2316 περὶ
967 2231 1058 2294 αὐτοῦ’
1077 2231 1252 2305 ἐπέστειλαν.
1296 2250 1345 2312 De
1367 2275 1429 2332 quo

111 2335 170 2384 ,um
196 2327 383 2404 Borghesius
413 2337 576 2406 exponeret
597 2327 682 2406 Opp.
703 2329 734 2390 V
757 2351 788 2408 p.
810 2332 914 2410 70sq.,
942 2327 1117 2410 δικαιοδόοην
1142 2343 1355 2422 interpretatus
1382 2366 1429 2418 est

111 2425 222 2501 legatum
239 2447 299 2504 pro
309 2439 447 2503 praetore
455 2433 624 2504 provinciae
638 2429 778 2502 Achatae,
801 2433 820 2490 i.
838 2452 863 2492 e.
885 2437 1076 2510 proconsulis
1096 2441 1227 2525 legatum
1250 2442 1427 2537 (πάρεδροι),

110 2527 259 2600 quietum
286 2530 403 2587 nullum
425 2531 517 2588 alium
542 2539 667 2588 noverat
688 2532 770 2590 vocis
794 2525 971 2605 δικαιοδότης
991 2554 1079 2596 usum
1100 2543 1160 2600 nisi
1182 2565 1250 2604 eum
1272 2553 1325 2625 qui
1346 2558 1428 2632 apud

110 2622 280 2688 Strabonem
303 2637 348 2688 est
369 2629 427 2688 797
452 2628 498 2700 0.,
525 2631 577 2688 ubi
599 2631 782 2724 significatur
803 2651 840 2690 ea
860 2652 932 2692 voce
953 2639 1093 2698 lucidiores
1115 2641 1321 2718 Alcsaadrtec.
1367 2653 1427 2729 Qui
1529 2656 1531 2660 ’

108 2745 167 2786 cum
187 2731 315 2789 alterum
335 2730 435 2788 locum
457 2729 612 2806 dignitatis
633 2732 711 2790 inter
730 2731 883 2790 Romanos
904 2735 936 2792 in
952 2736 1093 2814 Aegypto
1114 2753 1268 2807 versantes
1289 2757 1427 2830 tenuerit,

108 2831 269 2903 proximum
298 2831 415 2889 scilicet
440 2839 511 2906 post
538 2832 721 2907 praefectum
748 2833 908 2910 Aegypti,·
926 2835 1110 2914 Borghesius
1136 2833 1296 2918 putaverat
1320 2846 1427 2915 eodem

108 2930 188 2989 modo
216 2932 310 2991 etiam
342 2950 410 2989 eum
436 2933 488 3006 qui
517 2932 549 2989 in
577 2932 692 2990 Achais
718 2934 858 3007 proximo
884 2943 955 3011 post
985 2943 1196 3013 proconsulem
1226 2948 1295 3008 loco
1326 2953 1427 3030 fuerit,

107 3033 123 3088 i,
147 3051 171 3090 e,
196 3033 330 3108 legatum
357 3031 562 3107 proconsulis,
595 3033 638 3090 ita
658 3024 773 3090 'vocari
801 3035 944 3108 potuisse.
995 3039 1025 3094 A
1058 3059 1119 3116 qua
1145 3049 1293 3109 sententia
1318 3065 1428 3130 postea

107 3131 189 3206 (VIII
208 3153 238 3210 p.
254 3131 386 3208 cttsq.)
408 3151 476 3190 cum
496 3132 602 3191 titulos
626 3130 661 3190 O.
676 3131 702 3190 I.
719 3131 772 3191 Gr.
791 3132 887 3193 4236.
909 3137 958 3194 37.
980 3137 1063 3197 4240
1086 3137 1287 3222 cognouisset,
1307 3152 1339 3210 in
1361 3139 1426 3232 qui·

105 3232 161 3291 b„
176 3235 286 3310 magu,
307 3230 433 3308 Arguat
454 3251 513 3308 pro
535 3242 670 3308 praetore
690 3232 800 3309 Lyciae
826 3244 853 3293 et
872 3235 1062 3313 Pamphyliae
1088 3243 1132 3300 sio
1153 3257 1290 3320 vocatur,
1314 3253 1358 3312 ita
1379 3275 1426 3314 re·

105 3335 197 3406 cessit,
218 3343 252 3392 ut
274 3333 453 3390 vocabulum
469 3331 605 3391 accurate
625 3333 807 3409 respondere
827 3333 939 3394 diceret
952 3335 1062 3396 Latino
1080 3358 1207 3414 praeses.
1246 3345 1336 3420 Quod
1356 3354 1426 3414 inde

105 3435 250 3506 conclusit,
274 3435 356 3508 quod
378 3420 496 3492 Graeco
517 3427 606 3508 cipeto
628 3423 803 3502 δικαιοδέπην
829 3443 965 3494 accurate
985 3429 1202 3512 responderent
1222 3451 1354 3520 praecidi
1375 3455 1425 3511 ab·

103 3538 307 3604 ,liuentissime
325 3537 459 3609 praeside·
480 3535 657 3609 integerrimo
679 3533 807 3608 quaein
828 3535 924 3594 titulis
940 3527 1108 3618 honorariis
1130 3539 1249 3603 Latinis
1270 3548 1425 3612 invenian-

103 3642 154 3694 tur.
196 3633 300 3709 Quare
326 3643 379 3692 aut
394 3636 599 3711 ,proconsulem
618 3632 750 3693 Achaiae
771 3643 832 3706 aut,
858 3637 938 3710 quod
960 3633 1070 3713 Sparta
1093 3640 1189 3702 libera
1210 3648 1281 3706 urbs
1305 3651 1333 3708 ei
1354 3655 1424 3724 suh·

104 3734 160 3794 dita
178 3753 239 3794 non
259 3736 362 3807 fuerit,
384 3744 566 3794 correctorem
588 3734 741 3793 liberarem
762 3739 907 3801 civitatum
923 3741 1090 3811 procinctae
1106 3739 1236 3815 Achaiae
1256 3747 1423 3829 intelligen-

103 3828 167 3894 dum
181 3845 295 3896 censet.
327 3836 429 3910 Atque
451 3835 487 3892 de
498 3833 648 3917 'vocabulo
664 3825 840 3905 δικαιοδότης
860 3836 981 3911 quidem
996 3846 1026 3896 et
1039 3839 1168 3914 priorem
1183 3853 1214 3903 et
1226 3852 1425 3923 posteriorem

102 3935 258 4014 Borghesii
289 3937 467 3994 sententiam
490 3943 576 3994 ,recte
602 3952 634 3993 se
661 3935 772 3992 hebere
803 3935 962 4008 existim03
995 3939 1110 4006 sufficet
1140 3939 1252 4020 duplex¹
1284 3951 1346 4010 eius
1378 3957 1425 4014 vis

102 4036 308 4115 distinguenda
329 4045 384 4094 est.
420 4035 501 4095 Nam
524 4029 706 4092 δικαιοδοπεῒν
725 4036 902 4094 vocabulum
924 4039 975 4096 ubi
990 4038 1026 4096 de
1040 4042 1264 4117 magistratibus
1279 4048 1425 4114 Romanis

102 4125 277 4215 usurpetur,
303 4137 486 4213 respondere
507 4135 617 4193 Latino
642 4138 688 4194 ius
710 4138 815 4208 dicere,
842 4136 915 4196 Iulii
935 4140 1062 4198 Antonii
1085 4146 1275 4218 proconsulis
1297 4153 1427 4226 epistola

101 4239 176 4315 apud
196 4237 364 4314 Iosephum
384 4239 457 4296 Ant.
478 4236 545 4294 Iud.
567 4234 655 4306 XVI,
679 4235 707 4307 6,
730 4235 783 4312 71)
806 4236 1000 4298 demonstrat.
1043 4240 1149 4318 Itaque
1170 4237 1345 4319 διααιοδᾶπηο
1366 4254 1425 4312 uti·

100 4357 152 4414 que
165 4339 325 4418 ,significat
346 4357 414 4396 eum
436 4337 519 4396 cuius
538 4335 706 4395 iurisdictio
729 4343 788 4408 est3
811 4339 866 4396 sed
888 4347 941 4396 aut
953 4341 1107 4417 proprium
1122 4345 1315 4420 magistratus
1336 4369 1424 4411 voca·

99 4439 199 4498 bulum
227 4447 285 4510 ost,
312 4439 364 4496 uhi
383 4437 493 4497 Latino
515 4439 655 4496 iuridices
677 4447 813 4508 accurate
833 4441 1011 4515 respondet,
1038 4451 1090 4500 eut
1114 4443 1147 4500 in
1167 4445 1339 4506 universum
1361 4470 1424 4510 ma-

99 4532 253 4616 gistratum
274 4537 443 4598 Romanum
471 4521 564 4622 eum,
578 4541 671 4614 pe'nes
693 4555 783 4613 quem
810 4537 912 4614 aliquo
937 4540 1027 4598 modo
1047 4542 1215 4602 iurisdictio
1235 4556 1282 4606 est
1302 4549 1423 4627 indicat,

100 4642 160 4700 sive
184 4642 212 4700 is
239 4639 362 4717 proprio
389 4639 510 4698 nomine
530 4637 693 4716 proconsul
721 4639 785 4697 sive
813 4638 931 4715 legatus
952 4641 1085 4718 Augusti
1111 4662 1168 4720 pro
1193 4655 1332 4719 praetore
1358 4653 1424 4710 sive

98 4740 182 4800 aliter
210 4748 345 4800 vocatur.
396 4742 440 4799 At
467 4757 507 4799 ex
532 4740 580 4797 his
607 4738 724 4797 duabus
753 4739 1019 4816 significationibus
1046 4741 1125 4800 hanc
1152 4744 1249 4804 solam
1275 4748 1307 4805 in
1334 4750 1423 4810 titulo

100 4836 249 4916 Spartano
271 4840 387 4900 admitti
408 4857 499 4917 posse
518 4840 588 4900 inde
608 4846 700 4915 petet,
722 4838 802 4914 quod
822 4858 975 4917 nunquam
995 4841 1028 4900 in
1048 4843 1204 4918 provincie
1223 4846 1340 4909 Achaia
1361 4870 1423 4911 ma·

98 5029 301 5042 —1—-———

173 5146 196 5213 ¹)
225 5141 336 5209 Ἰοδιιιος
363 5139 493 5207 Ἀντώνιος
520 5137 662 5205 dehiscent
688 5142 792 5220 ἔγραψεν
820 5139 945 5212 Ἐφεσίων
969 5138 1082 5220 ἄρχουσι
1107 5150 1195 5224 βουλῇ,
1218 5142 1285 5225 δῆμον
1308 5155 1420 5228 χαίρειν.

99 5237 135 5288 Oi
148 5238 171 5290 ἐν
183 5239 218 5312 τῇ
229 5233 309 5305 Ἀσίᾳ
321 5235 440 5292 Ἰουδαῖοι
453 5236 530 5296 εἰδοῖς
544 5231 725 5309 Φεβρουαρίοις
745 5234 1005 5289 δικαιοδοτοῦντί
1023 5257 1066 5308 μοι
1084 5239 1107 5291 ἐν
1118 5235 1219 5310 Ἐφέσῳ
1231 5237 1361 5315 δπίδιιξοιν
1374 5259 1421 5301 etc.

1165 5333 1220 5392 18*
