3620 6080
302 613 376 686 272
633 699 637 706 Ι
872 631 1053 685 6666666

301 803 514 882 (1166661661)
545 802 720 863 Polemonis
752 804 847 880 patris
879 804 1010 864 Zenonis
1043 811 1168 862 mortem
1199 811 1279 864 66616
1310 804 1350 862 ad
1377 823 1487 863 annum
1512 802 1632 862 rettulit

302 925 332 964 u.
348 924 373 966 c.
391 907 461 978 746,
483 905 589 965 aetatis
612 905 818 971 determinatio
838 905 892 964 illa
906 905 995 964 etiam
1010 905 1106 982 magis
1127 905 1327 965 confirmatur.
1361 905 1479 964 Pendet
1492 905 1632 981 quaestio

301 1024 339 1066 ea
359 1007 397 1066 ab
417 1007 660 1084 interpretatione
674 1005 938 1084 monogrammatis
952 1006 1034 1083 quod
1054 1007 1185 1066 cernitur
1202 1007 1233 1064 in
1247 1008 1345 1067 aureis
1359 1007 1445 1084 regni
1459 1005 1633 1082 Bosporani

303 1107 385 1167 cusis
412 1108 450 1167 ab
477 1128 504 1167 a.
529 1107 588 1166 746
615 1109 653 1167 ad
679 1125 706 1166 a.
731 1107 788 1167 761
817 1107 976 1186 compositi
1002 1125 1041 1166 ex
1066 1107 1220 1166 elementis
1240 1126 1267 1168 m
1292 1114 1362 1178 616
1388 1116 1419 1168 61
1442 1109 1575 1167 fortasse
1596 1124 1631 1179 r3

302 1225 363 1285 quo
384 1217 639 1288 monogrammate
661 1227 717 1286 ego
738 1210 923 1270 adsentiente
942 1209 1005 1269 lere
1027 1206 1175 1285 Salletoi)
1198 1211 1312 1268 conieci
1326 1209 1489 1286 significari
1502 1200 1633 1276 Δόναμιν

302 1319 333 1369 61
354 1301 557 1392 Μιθραδάτην,
579 1310 635 1369 sub
657 1311 715 1370 hoo
737 1317 836 1370 autem
857 1311 977 1370 nomine
997 1310 1091 1370 latere
1105 1310 1314 1370 Polemonem:
1342 1320 1448 1370 contra
1465 1310 1633 1387 Wadding-

303 1413 404 1470 tonius
427 1431 493 1471 eam
513 1412 743 1490 explicationem
765 1411 881 1470 admitti
895 1429 988 1488 posse
1008 1430 1122 1490 negans
1144 1412 1297 1471 contendit
1315 1418 1572 1489 monogrammate
1593 1429 1633 1470 eo

301 1513 422 1573 excludi
443 1512 648 1572 Polemonem.
690 1513 756 1570 Iam
784 1532 817 1570 66
843 1513 940 1570 denuo
965 1531 1115 1589 perpensa
1139 1513 1213 1572 mihi
1236 1531 1356 1590 quoque
1382 1513 1500 1572 videtur
1525 1531 1634 1572 verum

302 1613 417 1674 vidisse
442 1615 546 1674 doctus
568 1613 796 1692 Franeogallus‚
825 1613 956 1672 maxime
981 1622 1141 1692 propterea
1166 1615 1248 1692 quod
1268 1614 1417 1692 Dynamis
1438 1614 1521 1691 prior
1540 1613 1635 1672 Pole-

303 1717 400 1775 monis
421 1735 500 1775 uxor
520 1722 589 1775 ante
611 1723 729 1774 mortua
749 1715 789 1774 sit
809 1733 935 1776 6666666
955 1724 1003 1774 661
1023 1735 1113 1792 quam
1135 1716 1163 1776 61
1184 1715 1287 1793 nupsit
1308 1715 1508 1793 Pythodoris,
1533 1733 1634 1792 neque

305 1817 379 1878 satis
400 1824 534 1896 apparet,
556 1817 608 1894 qui
622 1817 778 1876 defunctae
799 1835 908 1875 nomen
929 1817 961 1876 in
981 1818 1111 1876 nummis
1134 1819 1242 1877 durare
1262 1818 1402 1894 potuerit.
1435 1816 1462 1875 E
1479 1817 1633 1876 contrario

301 1937 370 1979 6666
391 1919 466 1978 66116
489 1926 604 1978 constet
619 1918 770 1995 Dynamin
790 1918 973 1978 Mithridatis
993 1917 1157 1994 Eupatoria
1171 1928 1290 1996 neptem
1311 1919 1507 1979 aPolemone
1521 1919 1551 1977 in
1566 1939 1634 1979 ma-

303 2020 476 2080 trimonium
497 2021 614 2079 ductam
636 2037 752 2079 66666.
776 2019 836 2077 740
858 2019 957 2077 dotem
979 2021 1007 2080 ei
1029 2021 1202 2080 afferentem
1223 2020 1321 2096 ipsum
1343 2038 1467 2097 regnum
1488 2020 1634 2096 Bospori,

303 2119 476 2180 Polemonis
495 2139 562 2180 oum
576 2121 780 2198 Pythodoride
800 2120 1021 2180 matrimonium
1036 2122 1291 2180 circumscribitur
1305 2123 1392 2182 annis
1413 2141 1439 2180 6.
1454 2121 1635 2195 742-746,

304 2228 337 2280 61
357 2222 411 2280 1116
431 2221 494 2282 fere
514 2241 593 2296 6666
615 2241 681 2280 eam
702 2220 825 2280 duxisse
844 2221 988 2294 videatur,
1010 2223 1069 2280 hoe
1083 2223 1162 2281 diem
1183 2223 1304 2282 obiisse.
1322 2257 1360 2267 -
1382 2224 1516 2282 Antonia
1537 2224 1634 2302 igitur

303 2333 398 2382 mater
418 2323 631 2400 Pythodoridis
657 2341 723 2380 6666
745 2325 777 2382 16
798 2323 987 2382 matrimonio
1008 2323 1097 2382 fuerit
1118 2343 1143 2382 6.
1166 2343 1193 2382 6.
1217 2323 1287 2396 720,
1312 2323 1430 2384 natales
1454 2325 1519 2384 6166
1541 2325 1580 2385 ad
1602 2345 1633 2385 a.

303 2425 457 2484 minimum
473 2425 532 2484 705
554 2424 724 2495 reiciantur,
746 2431 779 2482 61
792 2435 861 2501 6661
874 2424 953 2482 16666
967 2443 1077 2482 annum
1092 2425 1165 2502 poni
1182 2426 1304 2484 omnino
1326 2427 1529 2502 nonpossint,
1550 2437 1635 2486 66616

303 2525 421 2602 possint
435 2526 577 2584 decennio
600 2525 779 2603 etamplius
801 2525 968 2600 anticipari.
1002 2525 1128 2584 Femina
1148 2533 1247 2585 autern
1270 2527 1333 2586 eius
1350 2529 1479 2588 nominis
1499 2549 1536 2588 eo
1557 2539 1636 2588 tem·

303 2646 378 2704 pore
399 2634 478 2702 nata,
501 2646 577 2704 quae
598 2633 704 2702 postea
724 2627 757 2684 in
772 2625 895 2686 Oriente
916 2627 955 2685 ad
975 2628 1088 2704 regiam
1103 2628 1324 2703 quodammodo
1340 2629 1543 2690 condicionem
1564 2651 1637 2709 per·

304 2728 429 2800 venerit,
451 2729 503 2787 vix
525 2729 616 2786 alium
639 2737 752 2804 patrem
775 2728 884 2786 habere
905 2728 1004 2804 potnit
1023 2736 1112 2804 atque
1133 2729 1174 2788 M.
1197 2729 1361 2788 Antonium
1382 2731 1540 2790 IlIvirum.

388 2830 454 2886 Iam
474 2829 566 2905 igitur
584 2829 753 2914 videndum¹
765 2835 813 2886 661
834 2829 871 2885 de
892 2829 1012 2888 filiabus
1034 2831 1075 2888 M.
1091 2807 1214 2888 Antonii
1229 2831 1387 2903 1616666161,
1408 2851 1479 2890 num
1502 2834 1543 2892 sit
1556 2835 1637 2893 inter

305 2949 368 3002 eas,
391 2949 467 3006 quae
484 2925 666 3006 Pythodoro
682 2930 792 2988 nubere
814 2931 952 3004 potuerit.
984 2931 1134 2990 Antonius
1156 2941 1245 2990 natus
1267 2950 1291 2990 6.
1307 2952 1335 2990 6.
1349 2954 1378 2991 6.
1395 2951 1419 2992 6.
1437 2933 1494 2994 671
1519 2953 1636 2999 uxores

304 3031 391 3090 duxit
411 3037 554 3106 quattuor
581 3029 707 3088 Fadium
737 3031 899 3089 Antoniam
921 3030 1060 3090 Fulviam
1089 3031 1262 3104 Octaviam,
1289 3033 1417 3110 denique
1438 3031 1545 3096 uxor'is
1566 3037 1636 3096 loco

304 3131 409 3190 habuit
430 3129 621 3209 Cleopatram
650 3133 789 3208 reginam
819 3133 960 3210 Aegypti.
1003 3132 1129 3192 Liberos
1162 3153 1202 3194 ex
1229 3134 1327 3193 Fadia
1348 3137 1481 3196 sublatos
1502 3137 1637 3200 infantes

305 3234 406 3294 amisit
427 3251 530 3292 omnes
557 3240 625 3292 aute
653 3251 680 3292 a.
702 3232 807 3309 710³).
851 3234 900 3292 Ex
921 3235 1046 3311 reliquis
1074 3236 1218 3294 uxoribus
1240 3243 1360 3312 praeter
1380 3246 1522 3315 quattuor
1542 3241 1638 3314 111166,

304 3335 473 3411 dequibus
495 3319 555 3392 non
577 3333 724 3410 estquod
746 3351 885 3412 agamus,
911 3335 989 3394 filias
1017 3336 1123 3394 habuit
1142 3337 1213 3394 item
1235 3345 1389 3413 quattuor,
1417 3341 1533 3400 scilicet
1557 3361 1637 3417 earn,

304 3454 382 3512 quae
405 3437 557 3514 desponsa
583 3445 630 3494 661
649 3435 766 3512 Lepido
793 3437 941 3496 triumviri
962 3437 1024 3495 lilio
1046 3457 1073 3496 6.
1097 3439 1173 3509 710,
1203 3439 1310 3498 deinde
1338 3440 1411 3500 duas
1433 3461 1472 3500 ex
1495 3441 1636 3518 Octavia,

305 3555 383 3614 quae
405 3545 512 3614 postea
526 3547 691 3614 nupserunt
705 3539 906 3596 Ahenobarbo
929 3546 958 3595 61
971 3538 1087 3611 Druso,
1110 3540 1238 3616 denique
1260 3548 1395 3617 quartam
1416 3562 1455 3600 ex
1471 3542 1638 3622 Cleopatra

304 3645 412 3714 postea
435 3657 562 3697 uxorem
583 3639 676 3698 Iubae
697 3640 777 3716 regis
798 3639 1010 3698 Mauretaniae.
1053 3639 1103 3698 Ex
1123 3641 1171 3700 his
1193 3650 1254 3700 tres
1275 3650 1443 3719 postremas
1465 3653 1638 3722 temporum

305 3740 436 3797 rationes
457 3739 727 3813 excludunt,onam
749 3759 816 3798 cum
838 3741 1001 3799 Antoniam
1022 3760 1098 3812 eam,
1124 3761 1215 3818 quam
1236 3745 1418 3818 quaerimus,
1441 3745 1530 3805 modo
1553 3733 1635 3808 vide·

304 3839 397 3898 rimus
418 3848 519 3898 natam
541 3858 609 3900 esse
630 3859 691 3899 non
711 3850 783 3920 post
803 3861 914 3900 annum
938 3841 1008 3913 705,
1030 3861 1091 3900 666
1113 3851 1213 3919 661661
1234 3863 1270 3902 66
1289 3845 1385 3904 161666
1404 3847 1538 3907 Α616616
1553 3849 1636 3908 Α166-

304 3940 431 3998 nobarbi
451 3949 523 3999 6616
537 3961 562 4000 6.
580 3943 640 4000 715
663 3951 692 4000 61
706 3944 799 4002 multo
814 3943 913 4002 minus
929 3959 1048 4002 sorores
1064 3945 1129 4002 6166
1143 3945 1274 4004 minores
1288 3955 1377 4006 natae
1391 3948 1487 4008 altera
1501 3949 1638 4010 Antonia

304 4041 400 4101 Drusi
419 4061 446 4100 a.
463 4041 533 4116 718,
556 4043 649 4103 611666
664 4043 828 4120 Cleopatra
849 4065 876 4104 6.
900 4045 970 4104 719.
1007 4044 1169 4104 Ρ66616666
1189 4047 1295 4106 harum
1317 4049 1451 4108 omnium
1472 4049 1535 4109 vita
1556 4053 1636 4113 satis

304 4151 396 4221 patet,
418 4163 473 4204 666
493 4139 636 4204 credibile
656 4155 716 4218 est,
743 4146 852 4222 siqua
876 4163 980 4212 earum
1002 4145 1177 4224 Pythodoro
1203 4148 1368 4226 nupsisset,
1396 4159 1536 4211 auctores
1557 4171 1635 4230 quos

226 4311 229 4316 ,
304 4246 448 4304 habemus
470 4264 575 4305 omnes
595 4247 628 4306 id
649 4249 863 4323 praeterituros
884 4249 989 4332 fuisse.
1034 4245 1114 4320 Quid
1136 4249 1217 4324 quod
1238 4251 1371 4308 Antonia
1392 4253 1488 4311 maior
1509 4255 1635 4314 Aheno·

303 4349 398 4407 barbo
419 4348 518 4407 inians
540 4348 695 4407 etiamtum
715 4366 741 4407 c.
763 4367 790 4407 6.
808 4350 866 4408 717
888 4349 1039 4424 desponsa
1059 4357 1129 4426 post
1149 4351 1262 4410 obitum
1284 4353 1380 4426 patris
1395 4353 1515 4414 demum
1537 4355 1636 4416 eidem

304 4451 407 4530 nupsit
427 4469 481 4510 666
495 4451 578 4510 brevi
599 4457 733 4528 tempore
753 4449 785 4509 in
799 4469 836 4510 eo
851 4449 1040 4510 matrimonio
1054 4453 1230 4528 permansit,
1252 4472 1319 4512 cum
1333 4454 1414 4514 filius
1436 4474 1476 4514 ex
1494 4474 1530 4514 eo
1544 4466 1636 4518 natus

306 4636 510 4649 ..ί-ι*

307 4729 418 4778 diderim
442 4745 500 4778 6666
519 4737 625 4796 propter
647 4731 761 4796 aliquam
784 4745 897 4793 cansam,
922 4731 1041 4781 morbum
1064 4731 1183 4794 fortasse,
1208 4733 1240 4783 ab
1265 4733 1488 4797 administratione
1505 4741 1635 4786 remotum

305 4823 388 4866 matre
405 4819 465 4866 riva
484 4821 578 4871 obiisse
602 4829 628 4871 et
645 4823 683 4872 ita
701 4817 873 4886 Pythodoridi
891 4839 938 4886 pro
956 4823 1012 4872 lilio
1024 4830 1152 4888 'nepotem
1171 4825 1330 4874 successisse.
1361 4825 1417 4875 Neo
1436 4827 1498 4876 satis
1516 4826 1544 4875 id
1561 4825 1631 4876 refu·

305 4912 374 4954 tatur
393 4921 423 4956 eo
443 4909 513 4970 quod
531 4910 584 4961 Dic
603 4908 717 4975 (59,12)
737 4914 826 4964 scribit
844 4929 868 4964 6.
884 4914 917 4964 38
932 4913 1026 4965 Caium
1046 4915 1148 4964 dedisse
1161 4911 1298 4984 Πολίμωνι
1316 4911 1634 4989 66616061166611616

305 4985 347 5057 τὴν
365 4985 477 5064 66666161
496 4987 587 5070 ἆρχῆν,
606 5018 668 5053 nam
686 5011 820 5068 paternum
840 5021 947 5070 regnum
965 5005 1042 5056 facile
1060 5021 1158 5071 ponere
1176 5007 1260 5072 potuit
1278 5021 1325 5072 pro
1345 5008 1422 5058 avito.

381 5084 405 5148 ¹)
424 5084 549 5154 me'lanqes
567 5091 598 5142 de
615 5095 726 5146 numism.
746 5111 794 5146 ser.
810 5089 825 5146 2
843 5097 947 5162 6115.

381 5174 405 5239 2)
424 5175 506 5228 Bcitr.
524 5197 571 5230 aar
591 5181 678 5234 Gescb.
698 5185 744 5236 der
761 5185 861 5254 Krinr'ye
880 5187 924 5238 dea
941 5187 1074 5256 Bosporus
1091 5205 1117 5254 p.
1132 5189 1166 5240 63
1187 5203 1240 5254 666.

381 5265 405 5330 ³)
426 5269 517 5322 Cicero
535 5272 648 5339 Philipp.
669 5278 694 5338 2,
716 5279 741 5339 2,
762 5279 787 5330 3.
813 5279 856 5342 13,
879 5281 920 5342 10,
943 5281 991 5346 23;
1016 5280 1051 5332 ad
1069 5281 1125 5332 Att.
1145 5281 1189 5343 16,
1211 5281 1254 5330 11.
