3620 6080
123 1511 212 1622 ΒΕ
252 1509 467 1626 alonis
507 1514 870 1632 QVIBVSDAM
904 1523 976 1636 IN
1010 1525 1456 1645 HlllllEllOlOGlll

182 1683 490 1798 FRATRVM
526 1687 860 1803 ARVALIVM
897 1691 1403 1817 COMMEMORATIS.

691 1987 895 2002 ⁸⁸⁸-—

211 2171 344 2231 Aedium
370 2191 524 2234 sacrarum
551 2176 634 2235 urbis
661 2177 777 2237 Romae
808 2179 978 2258 catalogum
1004 2201 1043 2241 ex
1069 2183 1216 2244 fastorum
1248 2173 1458 2265 annaliumque

122 2272 320 2348 potissimum
340 2275 476 2352 reliquiis
498 2295 711 2354 recomponere
732 2279 791 2338 nisi
815 2282 996 2358 topographi
1021 2285 1234 2360 neglexissent,
1260 2295 1294 2346 ut
1317 2290 1459 2367 neglexe-

122 2386 196 2433 rant
222 2375 344 2434 nomina
369 2375 518 2450 vicorum,
556 2387 676 2438 cautum
708 2388 789 2438 esset
819 2401 857 2439 ne
896 2383 1005 2458 quibus
1039 2385 1127 2460 quasi
1157 2387 1188 2444 in
1215 2397 1390 2447 transcursu
1422 2391 1459 2448 de

120 2475 255 2554 singulis
283 2477 431 2552 agendum
458 2489 505 2538 est
529 2479 638 2537 iterum
663 2481 832 2556 iterumque
856 2481 888 2538 in
913 2473 1030 2541 errores
1051 2485 1238 2544 inducantur.
1281 2489 1383 2547 Veluti
1406 2490 1459 2566 qui

121 2596 223 2653 nuper
243 2577 440 2656 hemerologii
455 2579 613 2638 Arvalium
634 2581 777 2657 reliquias
791 2593 1005 2642 enarraverunt
1018 2583 1179 2644 Henzenus
1203 2587 1306 2662 (Saevi
1319 2607 1349 2664 p.
1363 2589 1401 2647 88
1417 2590 1458 2665 s.)

121 2687 155 2736 et
177 2677 381 2736 Mommsenue
409 2679 499 2756 (Epic.
518 2681 544 2752 l,
569 2681 606 2738 36
627 2681 667 2756 s.)
694 2700 763 2739 non*
781 2683 888 2740 mirum
915 2692 962 2740 est
988 2685 1070 2758 quod
1092 2685 1169 2762 Opis
1195 2687 1329 2762 opiferae
1350 2706 1458 2748 nomen

119 2779 168 2836 ibi
188 2797 300 2837 novum
321 2797 492 2854 comparere
513 2781 668 2840 dixerunt:
690 2782 826 2859 neglecta
840 2783 919 2840 euim
935 2785 1152 2859 obscurataque
1167 2786 1265 2845 iacent
1280 2789 1459 2864 scriptorum

121 2879 177 2956 qui
210 2898 278 2940 eam
310 2882 618 2940 commemoraverunt
648 2883 750 2940 verba.
793 2883 884 2941 habet
915 2892 1015 2942 autem
1046 2885 1280 2964 hemerologium
1312 2889 1388 2946 illud
1420 2889 1458 2948 ad

120 2981 151 3042 d.
177 2978 216 3039 23
237 2983 317 3056 Aug.
340 2981 426 3039 talia:

119 3133 287 3212 Aue-230
811 3078 1270 3226 N³voucnno

291 3258 323 3312 ia
337 3259 411 3314 circo
417 3255 514 3315 Flam.
520 3255 659 3315 Iuturnae
674 3265 700 3314 et
713 3257 1294 3332 temptatam-curat>·0P1·0P1FER

288 3357 333 3414 *ad
397 3356 489 3415 laeam
552 3356 723 3429 Iuturnam,
799 3357 1292 3431 QYlR·lN·COLLE·VOLK

292 3499 666 3517 ........
723 3462 754 3516 in
798 3456 938 3517 COMlT

116 3613 258 3672 Primum
279 3611 371 3688 igitur
392 3611 429 3670 de
450 3611 526 3689 Opis
554 3611 687 3688 opiferae
709 3620 739 3670 et
759 3613 878 3672 nomine
900 3619 930 3672 et
951 3614 1025 3672 aede
1045 3612 1229 3684 luculentum
1251 3614 1453 3677 testimonium
1478 3631 1481 3636 '

118 3715 195 3773 olim
211 3714 333 3772 extabat
354 3713 386 3770 in
408 3713 592 3772 editionibus
606 3713 699 3772 Plinii
720 3723 780 3772 nat.
796 3715 866 3772 hist.
885 3715 933 3785 ll,
957 3714 1016 3771 174
1038 3714 1108 3772 hoc:
1131 3713 1277 3772 Metellum
1293 3718 1454 3792 pontificem

117 3818 194 3875 adeo
215 3815 419 3890 inexplanatae
434 3813 581 3890 (linguae)
595 3817 693 3890 salsae
712 3819 877 3890 accipimur,
899 3825 931 3872 at
949 3815 1044 3872 maltis
1058 3815 1198 3873 mentibus
1213 3825 1304 3874 tortae
1321 3819 1454 3878 eradatur

115 3920 188 3976 dum
202 3917 399 3974 meditatorio
414 3917 574 3974 dedicanda
594 3917 663 3974 aede
679 3915 817 3991 Opiserae
832 3918 934 3976 dicere.
970 3916 1013 3973 ita
1026 3916 1105 3973 enim
1119 3915 1191 3973 boni
1206 3917 1324 3976 codices
1339 3937 1452 3992 omncs,

111 4018 178 4078 nisi
193 4016 275 4095 quod
290 4016 420 4092 optimus
435 4016 600 4093 rescriptas
616 4017 764 4092 optsaerae
778 4020 915 4092 opiferae.
960 4016 1092 4074 correxit
1105 4016 1180 4073 haec
1193 4015 1363 4088 Urlichsius
1379 4021 1451 4080 sori-

112 4120 217 4180 bendo
233 4120 304 4176 aede
323 4117 394 4194 Opia
412 4117 498 4176 verba
513 4119 607 4176 dicere
625 4135 753 4200 eumque
772 4117 866 4175 secuti
888 4125 958 4176 sunt
970 4117 1062 4174 Ianus
1081 4128 1111 4176 et
1126 4115 1330 4176 Detlefsenus.
1366 4121 1451 4195 atqui

111 4230 191 4281 nota
212 4227 298 4279 erant
316 4218 407 4277 etiam
427 4226 496 4276 ante
521 4225 696 4294 recuperata
721 4218 917 4294 hemerologii
934 4218 1101 4294 fragmenta
1119 4218 1211 4275 uerba
1232 4218 1394 4294 Augustini
1413 4221 1450 4277 de

111 4323 175 4382 civ.
199 4321 247 4379 dei
267 4321 297 4392 4,
323 4319 371 4393 11,
396 4319 447 4376 ubi
468 4319 546 4376 inter
567 4317 713 4377 Lucinam
736 4327 765 4378 et
786 4319 874 4378 deum
895 4319 1076 4378 Vaticanum
1100 4315 1197 4393 Opem
1218 4318 1377 4378 infantium
1398 4339 1449 4396 pa·
1502 4331 1505 4335 '
1568 4354 1572 4362 ·

109 4432 237 4482 tronam
259 4420 302 4478 sio
322 4419 463 4479 inseruit:
488 4423 550 4494 ipse
572 4418 689 4492 (lovem
711 4420 796 4496 dicit)
819 4439 900 4496 opem
913 4422 997 4494 serat
1017 4419 1194 4477 nascentibus
1216 4422 1379 4495 excipiendo
1402 4440 1448 4480 eoe

108 4528 184 4584 aina
205 4532 299 4581 terrae
319 4530 345 4578 et
365 4530 479 4578 sceatta
505 4519 585 4596 Opis.
617 4520 720 4597 itaque
741 4527 818 4578 tecte
840 4507 959 4596 quidem
980 4538 1085 4577 verum
1108 4520 1181 4578 satis
1196 4519 1277 4576 clarc
1299 4520 1448 4598 significat

106 4633 238 4704 praeter
264 4620 437 4681 Consiviam
465 4605 563 4697 Opem
588 4628 691 4678 notam
717 4621 854 4679 omnibus
880 4619 938 4678 coli
964 4619 1128 4695 Opiieram.
1176 4638 1256 4678 nunc
1282 4622 1355 4695 quin
1380 4621 1447 4699 ipse

106 4723 292 4786 Urlichsius
314 4723 514 4780 coniecturam
530 4739 614 4780 suam
636 4722 777 4780 abiecerit
797 4740 858 4779 non
880 4721 998 4780 dubito:
1021 4728 1147 4798 apparet
1167 4719 1355 4780 scribendum
1377 4740 1446 4782 esse

113 4827 180 4904 Opi
202 4826 340 4902 opiferae.
374 4822 426 4882 sed
447 4824 525 4881 iuter
539 4823 678 4882 Metellos
701 4840 767 4880 cum
790 4822 848 4879 duo
867 4821 1066 4890 inveniantur,
1088 4837 1163 4896 quos
1179 4828 1297 4880 constet
1317 4823 1445 4901 collegio

104 4927 292 5006 pontificum
319 4923 487 5000 adscriptos
512 4918 624 4994 luisse,
650 4922 685 4980 L.
709 4920 873 4981 Caecilium
901 4921 1055 5000 Metellum
1081 4938 1198 5020 cosa.
1217 4921 1297 4980 ¹503.
1328 4923 1388 4983 507
1416 4935 1446 4984 et

104 5029 152 5088 L.
177 5025 343 5087 Caecilium
361 5017 518 5084 'Metellum
541 5024 741 5083 Delmaticum
766 5039 828 5081 cos.
850 5040 876 5078 a.
901 5021 960 5079 635
983 5037 1063 5079 cens.
1086 5041 1113 5080 a.
1137 5021 1196 5080 639
1218 5021 1345 5096 (utimur
1366 5026 1446 5085 eninr

105 5129 242 5208 egregio
264 5127 453 5186 sacerdotum
474 5125 598 5210 elencho
620 5143 708 5202 quem
731 5121 766 5182 Ο.
788 5122 883 5181 Bardt
903 5140 999 5198 nuper
1019 5122 1158 5192 confecit,
1185 5125 1230 5181 die
1250 5123 1376 5184 Prieater
1395 5127 1447 5184 der

102 5235 176 5291 vier
202 5246 321 5306 grooten
350 5226 509 5306 Collegae,
535 5244 636 5304 progr.
666 5225 759 5285 schol.
787 5223 886 5282 Berol.
911 5223 1016 5299 1871),
1043 5222 1080 5281 de
1100 5223 1155 5282 illo
1178 5223 1300 5299 quidem
1322 5227 1445 5303 cogitari

1203 5325 1240 5382 17
