3568 6070
611 576 661 629 nu
680 579 825 634 rrrvurs
843 580 1000 638 surmus.
1396 577 1467 648 117

141 669 1468 707 ------—--—--——---—---..-

136 737 191 814 qui
212 739 350 814 Drusum
374 744 522 805 iuniorem
548 747 710 824 significari
736 750 837 843 velint.
879 750 913 811 Is
939 754 1018 812 euim
1044 773 1124 815 anuo
1145 733 1183 818 1'5
1198 775 1228 834 p.
1245 757 1315 820 Chr.
1338 762 1468 840 demum,

137 840 279 918 Augusto
300 851 429 918 mortuo,
449 847 578 922 primum
599 849 705 908 consul
725 849 824 909 lactus
847 859 902 910 cst.
938 849 999 915 Sed
1020 873 1087 914 cum
1107 857 1162 916 illa
1176 861 1318 937 temporis
1334 863 1467 927 definitio

136 941 207 1017 ipsa
227 961 289 1001 non
310 945 400 1022 plane
421 955 502 1006 certa
522 955 554 1007 et
572 947 740 1009 indubitata
762 952 811 1023 sit,
833 969 869 1010 ea
889 952 939 1012 hic
959 953 1015 1013 niti
1035 957 1115 1016 nolo.
1152 955 1212 1018 Sed
1229 961 1341 1020 accedit
1355 966 1467 1025 certius

136 1053 356 1118 argumentum,
378 1047 509 1124 positum
529 1047 560 1106 in
575 1048 776 1110 additamento
791 1051 873 1127 quod
886 1059 932 1112 est
946 1044 1066 1112 ὑπάτου.
1101 1057 1236 1134 Uterque
1249 1061 1371 1136 quidem
1385 1063 1466 1126 Dru·

136 1159 191 1202 sus
207 1146 366 1204 consulatu
378 1147 498 1206 functus
513 1157 569 1222 est,
583 1150 684 1209 iunior
697 1151 753 1209 bis.
783 1149 890 1226 Sedin
904 1153 961 1212 hoc
974 1153 1037 1214 lilio
1051 1155 1252 1234 imperatoris,
1266 1179 1354 1238 quem
1365 1164 1465 1241 ipsum

135 1243 298 1320 aliquando
319 1247 534 1325 imperaturum
549 1251 709 1310 verisimile
729 1259 802 1326 erat,
824 1244 999 1313 consulatus
1021 1273 1081 1314 non
1101 1259 1178 1317 tanti
1198 1263 1340 1320 momenti
1354 1273 1410 1337 cst,
1432 1271 1467 1326 ut

135 1343 203 1403 eius
217 1345 396 1422 significatio
410 1351 529 1409 nomini.
538 1351 665 1411 addatur
679 1351 710 1410 in
724 1353 924 1430 appellatione
938 1356 1106 1430 sacerdotii,
1127 1359 1207 1435 quod
1222 1359 1273 1420 diu
1291 1363 1381 1422 etiam
1395 1377 1466 1442 post

134 1443 217 1503 illius
244 1457 369 1507 mortem
398 1448 564 1528 duravit1).
606 1452 673 1512 Imo
694 1461 757 1511 tum
779 1453 828 1513 vel
848 1455 979 1515 mamma
1000 1448 1143 1540 Καίσαρος
1164 1459 1299 1520 additum
1321 1480 1390 1522 esse
1410 1483 1465 1523 ex·

134 1549 329 1620 spectaveris.
364 1547 430 1608 Iam
451 1569 489 1608 ne
509 1551 542 1610 id
562 1552 684 1628 quidem
705 1552 843 1626 dixerim,
864 1555 896 1612 in
917 1553 1020 1615 Druso
1042 1559 1154 1617 maiore
1175 1558 1207 1618 id
1228 1561 1465 1624 additamentum

133 1645 210 1703 nihil
235 1647 304 1706 miri
330 1655 420 1726 atque
437 1649 559 1710 insoliti
578 1651 739 1729 habere2).
782 1654 826 1713 At
846 1661 947 1715 tamm
966 1657 1114 1734 explicari
1134 1667 1235 1736 potest
1255 1679 1309 1722 our
1329 1664 1464 1724 additum

134 1747 184 1818 sit,
207 1765 275 1806 cum
295 1748 416 1810 Drusus
437 1751 532 1810 maior
552 1751 584 1810 in
604 1754 766 1813 consulatu
786 1764 922 1816 mortuus
944 1757 993 1827 sit,
1015 1757 1059 1816 ita
1078 1764 1112 1817 ιιι
1132 1760 1159 1818 is
1180 1761 1373 1837 magistratus
1389 1782 1464 1841 quo-

132 1846 294 1907 dammodo
316 1867 463 1911 summum
484 1852 638 1930 fastigium
660 1854 699 1913 sit
719 1871 822 1914 eorum
844 1873 921 1934 quae
942 1857 1069 1935 adeptus
1091 1865 1153 1933 est,
1180 1860 1214 1918 si·
1228 1879 1289 1920 non
1310 1863 1410 1940 specie
1431 1871 1463 1924 at

131 1955 213 2008 certe
234 1949 366 2027 reipsa.
433 1989 436 1994 -
505 1946 508 1950 ’

217 2048 309 2123 Quod
331 2051 358 2111 si
378 2052 448 2111 huic
461 2052 577 2113 Neroni
592 2052 721 2115 Olaudio
735 2055 836 2116 Druso
852 2056 983 2136 Augusti
1003 2057 1141 2138 privigno
1162 2059 1238 2120 illud
1259 2062 1461 2123 sacerdotium

130 2151 305 2225 tribuimus,
332 2152 491 2214 infeliciter
518 2155 638 2227 accidit,
664 2157 745 2232 quod
770 2176 808 2216 ne
833 2157 877 2215 ita
901 2158 1023 2234 quidem
1049 2159 1210 2219 difficultas
1236 2161 1379 2240 temporis
1408 2164 1460 2222 de·

129 2252 253 2312 liniendi
284 2271 410 2330 prorsus
440 2262 618 2316 removetur.
667 2256 747 2317 Nam
778 2258 844 2316 sine
876 2256 967 2317 dubio
996 2267 1077 2318 recte
1103 2259 1310 2320 Mommsenus
1337 2262 1460 2336 iudicat,

129 2355 272 2430 quamvis
292 2353 391 2414 dicere
411 2373 471 2414 non
491 2353 593 2430 liceat,
614 2358 680 2416 fieri
701 2359 822 2420 omnino
843 2376 904 2416 non
924 2357 1078 2434 potuisse,
1099 2367 1132 2417 ut
1151 2359 1212 2418 iam
1235 2361 1374 2437 Augusto
1395 2380 1461 2440 reg·

129 2462 221 2514 nante
247 2455 369 2516 Drusus
389 2455 518 2515 Athenis
545 2457 654 2517 dirime
675 2457 839 2517 honoribus
862 2458 1039 2532 alliceretur,
1065 2465 1166 2517 tamen
1191 2457 1223 2516 id
1249 2459 1371 2519 minime
1396 2459 1461 2519 v'eri

129 2555 230 2614 simile
250 2556 369 2633 essel).
413 2555 527 2617 Contra
546 2557 681 2618 Drusum
702 2559 827 2619 summis
849 2558 1014 2617 honoribus
1036 2558 1147 2618 elatum
1168 2575 1238 2618 esse
1258 2577 1295 2617 eo
1316 2568 1460 2637 tempore,

128 2675 190 2734 quo
216 2657 383 2716 filiuseius
404 2665 477 2718 natu
497 2659 594 2718 minor
613 2659 680 2736 ipss
700 2659 858 2736 imperium
879 2659 1046 2731 obtinebat,
1068 2658 1142 2718 satis
1164 2667 1311 2719 constare.
1356 2657 1459 2733 Quare

129 2765 232 2816 utrum
253 2758 293 2816 ad
307 2758 438 2836 Augusti
459 2778 499 2818 an
519 2760 558 2819 ad
572 2757 695 2819 Claudii
716 2767 844 2820 aetatem
865 2759 1040 2820 referendus
1062 2758 1103 2818 sit
1123 2759 1239 2833 titulus,
1261 2759 1384 2819 dubium
1399 2768 1458 2832 est;

130 2859 171 2917 ad
191 2859 345 2919 Neronem
365 2877 437 2918 vero
457 2860 563 2928 referri
583 2877 644 2918 non
664 2867 773 2939 potest.

209 3051 234 3112 ¹)
261 3053 304 3104 Ne
326 3052 354 3102 id
378 3053 482 3118 quidem
500 3053 687 3119 neglegendum
705 3059 757 3117 est,-
781 3055 804 3104 si
823 3053 930 3104 omnino
949 3053 1055 3104 honoris
1074 3067 1151 3104 causa
1169 3052 1197 3103 id
1215 3053 1367 3103 vocabulum
1385 3053 1459 3104 addi-

130 3138 188 3194 tutu¹
205 3150 281 3205 esset,
301 3131 450 3216 diedecima
468 3145 605 3196 dicendum
623 3145 711 3208 luisse,
731 3159 790 3195 cum
808 3145 918 3196 duorum
937 3145 1115 3196 consulatuum
1133 3143 1218 3194 honor
1235 3144 1318 3194 maior
1336 3143 1370 3193 sit
1383 3158 1459 3209 quam

129 3237 215 3286 unius.
251 3235 295 3286 Ita
312 3235 340 3285 iu
358 3235 458 3286 duobus
476 3235 562 3286 titulis
575 3235 721 3286 honorariis
739 3236 835 3286 Atticis
853 3235 892 3286 Μ.
910 3235 1029 3300 Agrippa
1046 3231 1099 3302 τρὶς
1117 3221 1210 3290 ὕπατος
1229 3234 1331 3284 dicitur.

208 3323 234 3387 ²)
262 3326 384 3392 Inprimis
406 3326 449 3376 hic
473 3326 729 3378 animadvertendum
752 3333 805 3390 est,
829 3327 901 3378 cuius
923 3327 963 3376 rei
985 3341 1027 3376 ms
1046 3325 1097 3376 Th.
1116 3325 1293 3374 Mommsenus
1312 3338 1458 3374 commone-
1506 3338 1512 3346 ·

128 3419 199 3480 fecit,
220 3418 275 3467 eius
293 3417 462 3467 additamenti
474 3418 525 3467 vim
544 3431 602 3467 eam
614 3417 706 3480 videri,
725 3417 867 3468 utDmsus
885 3417 968 3467 maior
985 3431 1002 3466 a
1020 3417 1120 3466 minore
1138 3415 1307 3465 discernatur.
1340 3414 1379 3462 At
1397 3428 1458 3464 cou-

128 3509 213 3559 snlem
235 3515 371 3573 utrumque
393 3509 486 3570 inisse,
510 3508 684 3575 imperatores
703 3523 764 3559 vero
783 3509 866 3558 solum
884 3508 999 3558 Drusum
1019 3507 1158 3568 maiorem
1182 3519 1262 3568 quare
1280 3490 1459 3570 ου’τοκροῖτορος

128 3601 211 3650 multo
236 3596 321 3664 aptius
340 3599 420 3649 inisse
439 3614 516 3666 quam
531 3587 635 3649 dudeco.
674 3599 751 3662 Quod
769 3599 898 3664 quomodo
917 3597 1067 3663 expediam,
1091 3595 1193 3656 nescio,
1216 3595 1267 3645 nisi
1285 3594 1370 3644 dicere
1388 3593 1457 3656 licet,

128 3678 310 3758 αὐτοκράτορος
332 3705 427 3742 nomen
448 3691 485 3741 sic
502 3691 572 3741 nude
590 3690 639 3740 soli
657 3690 757 3741 nomini
774 3690 924 3740 adiunctum
941 3689 1019 3752 facilc
1037 3701 1069 3738 ea
1088 3687 1215 3737 sententia
1233 3685 1315 3748 accipi
1333 3684 1457 3748 potuisse,

128 3798 182 3848 qua
200 3782 344 3846 principem
362 3782 446 3847 ipsum
464 3782 599 3847 significet,
619 3795 700 3848 eaque
719 3781 752 3831 de
771 3795 847 3832 causa
860 3781 966 3830 vitatum
985 3793 1048 3830 esse.
1080 3779 1169 3842 Longe
1188 3777 1263 3826 aliter
1280 3789 1322 3826 res
1340 3789 1368 3825 se
1380 3774 1458 3824 habet

127 3876 156 3926 in
181 3876 263 3926 titulis
285 3873 431 3923 honorariis
449 3871 535 3936 (velut
556 3857 655 3924 inille
674 3873 774 3934 Crassi,
800 3887 818 3922 a
835 3887 886 3938 quo
905 3871 972 3922 hauc
990 3876 1071 3921 totam
1090 3869 1331 3921 commentationem
1350 3881 1458 3916 exorsus

128 3967 196 4028 sum)
221 3967 266 4016 ubi
292 3970 318 4016 et
340 3965 447 4015 nomina
469 3970 495 4014 et
518 3963 647 4015 honorum
670 3965 830 4030 singulorum
855 3962 980 4014 uocabula
1002 3961 1078 4027 plene
1102 3966 1180 4026 atque
1203 3958 1323 4010 distincte
1347 3957 1456 4022 perscri-
1501 3987 1504 3992 -

128 4057 233 4108 buntur.
1013 4125 1016 4132 .
1531 4114 1535 4122 1

206 4145 231 4210 ³)
260 4143 381 4219 'liberius
403 4145 484 4197 frater
502 4131 557 4196 eius
574 4146 626 4197 iam
638 4152 782 4214 antequam
801 4146 834 4197 ab
852 4145 972 4210 Augusto
990 4144 1158 4213 adoptaretur
1175 4139 1348 4191 sacerdotium
1366 4135 1456 4208 habuit

127 4241 216 4306 Nysae
234 4241 263 4291 in
282 4239 361 4292 Caria
379 4237 420 4300 (C.
433 4238 456 4290 1.
470 4237 517 4292 Gr.
531 4237 623 4299 2943).

1081 4351 1129 4411 W.
1152 4347 1411 4408 Drrrnnusnona.
