3620 6080
516 675 813 730 onsnnvnrronns
830 677 950 730 aaron.
964 677 1027 731 xv.
1363 661 1435 734 297

110 867 148 906 aa
168 866 234 907 aero
255 858 283 907 ct
301 849 438 924 quamdiu
464 857 505 907 est
530 851 560 907 in
586 849 776 925 moqistretol
803 849 854 908 scd
873 852 969 909 verim
994 861 1050 922 eet,
1078 853 1105 909 sr'
1125 855 1151 910 is
1176 853 1361 928 capistratus
1386 863 1438 926 est,

111 951 161 1024 qai
181 952 242 1008 siae
256 951 367 1025 froude
387 952 418 1007 in
439 953 606 1009 iaaoccori
625 969 682 1009 aon
701 959 803 1026 potest,
825 952 1028 1026 expectandum
1048 969 1127 1023 csse,
1149 954 1247 1028 quood
1268 957 1440 1030 capistrata

111 1051 202 1109 meat.
245 1050 353 1126 Itaque
374 1051 401 1110 si
430 1031 572 1110 mulieres
598 1051 655 1110 hae
677 1049 712 1110 0.
733 1049 907 1110 Lucretium
933 1059 1002 1128 post
1027 1053 1186 1130 imperium
1211 1052 1381 1131 depositum
1407 1055 1439 1114 iu

113 1151 159 1208 ius
180 1149 358 1210 eduxissent
378 1151 416 1210 ad
438 1160 607 1228 praetorem
626 1151 815 1230 peregrinum
836 1151 1012 1212 iniuriarum
1032 1153 1154 1212 nomine
1174 1160 1205 1212 et
1224 1155 1440 1230 recuperatori-

112 1251 168 1310 bus
189 1252 229 1310 ab
250 1271 287 1311 eo
309 1259 447 1329 praetore
476 1253 535 1312 sibi
561 1252 640 1312 datis
662 1253 784 1329 planum
805 1252 947 1312 fecissent
972 1255 1146 1313 contraius
1168 1254 1239 1314 dolo
1261 1255 1341 1313 malo
1362 1275 1381 1315 a
1403 1253 1439 1316 (i.

112 1351 254 1412 Lucretio
276 1371 309 1412 se
323 1355 354 1412 in
369 1372 518 1414 carcerem
532 1353 682 1414 coniectos
702 1371 768 1414 esse
787 1354 902 1414 aliasve
923 1354 1050 1414 iniurias
1070 1355 1225 1433 passas¹)‚
1247 1357 1441 1416 condemnari

110 1473 192 1512 reum
220 1454 360 1532 oportuit.
403 1455 583 1514 Iniuriarum
609 1461 707 1515 autem
733 1455 808 1514 iuris
829 1455 940 1532 privati
961 1457 1107 1516 actionem
1133 1458 1208 1516 iuris
1229 1458 1357 1518 consulti
1378 1432 1458 1516 non*

110 1554 252 1632 ignorant
272 1556 421 1634 duplicem
441 1556 545 1631 fuisse,
571 1556 696 1618 alteram
716 1556 889 1632 legitimam,
911 1575 1038 1633 poenam
1060 1557 1219 1617 habentem
1244 1567 1297 1617 aut
1317 1558 1441 1617 talionis

110 1663 161 1713 aut
181 1643 330 1733 pecuniae¹
350 1666 459 1730 certae,
481 1657 607 1717 alteram
628 1658 764 1717 moribus
785 1657 983 1716 introductam
1005 1657 1106 1733 (Paul.
1123 1665 1199 1718 sent.
1219 1677 1279 1719 rec.
1303 1661 1332 1733 5,
1354 1661 1384 1731 4,
1407 1658 1441 1734 7)

110 1763 140 1814 et
165 1758 274 1818 deinde
299 1759 331 1816 in
355 1759 484 1818 edictum
511 1759 659 1834 praetoris
680 1773 830 1835 receptam
851 1759 1095 1819 aestimatoriam.
1137 1759 1187 1818 Ita
1209 1758 1305 1820 Gaius
1327 1761 1356 1834 3,
1381 1758 1443 1818 224

110 1865 271 1934 postquam
301 1859 338 1918 de
370 1860 424 1918 illa
454 1860 531 1918 dixit
556 1861 600 1918 ita
625 1861 735 1937 pergit:
768 1862 819 1921 aad
842 1878 917 1918 nunc
943 1862 1003 1920 alio
1028 1864 1092 1919 iure
1117 1863 1237 1921 utimur:
1265 1865 1443 1938 permittitur

110 1962 182 2016 enim
196 1960 280 2019 nobis
294 1979 313 2018 o
324 1969 460 2036 praetore
480 1964 553 2038 ipsis
565 1965 703 2020 iniuriam
721 1965 871 2021 assumere
891 1969 922 2020 et
939 1979 1017 2038 quae
1037 1971 1209 2038 sequuntur.
1253 1960 1444 2040 Quapropter

110 2059 188 2119 actio
211 2060 425 2120 determinatur
449 2062 481 2119 in
503 2069 624 2122 senatus
645 2063 783 2122 consulto
811 2062 922 2122 additis
945 2063 1045 2122 verbis
1067 2053 1112 2120 ἐπὶ
1134 2054 1236 2142 ἀξίαν,
1259 2066 1291 2121 ic
1311 2067 1442 2124 cesama·

110 2163 221 2220 tonan.
264 2162 339 2221 Inde
363 2163 557 2223 iureconsulti
585 2183 768 2241 quamquam
794 2164 831 2222 de
857 2163 926 2240 ipsa
945 2183 979 2223 re
1000 2163 1076 2223 nihil
1097 2163 1264 2236 addiscent,
1292 2165 1444 2240 quantivis

108 2260 224 2322 facient
244 2263 301 2322 hoc
325 2265 466 2324 didicisse
492 2265 638 2324 actionem
660 2265 835 2324 iniuriarum
861 2265 1096 2325 aestimatoriam
1122 2265 1190 2342 ipso
1218 2267 1339 2326 saeculo
1360 2266 1444 2324 urbis

110 2369 197 2423 sexto
224 2363 256 2422 in
284 2383 343 2424 usu
367 2365 470 2424 fnisse.
518 2366 631 2425 Rerum
660 2373 759 2426 autem
785 2366 989 2424 Romanarum
1016 2365 1144 2426 studiosi
1168 2367 1212 2425 ita
1236 2368 1444 2426 confirmatum

109 2465 274 2539 habebunt,
299 2467 381 2543 quod
410 2467 523 2526 dudum
543 2485 635 2528 nossa
661 2476 815 2550 poterant,
842 2467 897 2526 sed
921 2467 1117 2526 nihilominus
1143 2467 1229 2526 multi
1254 2467 1443 2544 ignorabant,

109 2565 234 2626 licuisse
254 2567 413 2644 unicuique
434 2570 497 2629 sive
517 2569 577 2628 ciri
598 2569 662 2628 sive
682 2568 842 2648 peregrino
863 2567 1071 2646 magistratum
1093 2576 1216 2645 propter
1235 2568 1285 2640 id,
1312 2568 1392 2645 quod
1412 2569 1445 2628 in

110 2669 289 2747 magistratu
304 2669 511 2742 commisisset,
532 2671 565 2728 in
583 2670 631 2730 ius
645 2687 755 2729 vocare
776 2677 809 2727 ut
822 2669 882 2727 alio
896 2668 1009 2728 iudicio
1022 2668 1152 2745 privato,
1174 2669 1218 2729 ita
1237 2668 1311 2728 furti
1324 2687 1445 2747 quoque

109 2776 139 2828 et
159 2770 348 2829 iniuriarum.
385 2768 468 2844 Quid
488 2771 569 2847 quod
589 2771 730 2830 universa
749 2769 981 2846 repetundarum
998 2771 1135 2846 quaestio
1157 2778 1225 2830 orta
1245 2780 1293 2830 est
1313 2791 1353 2830 ex
1373 2771 1446 2830 furti
1513 2776 1519 2788 ⁴

110 2871 230 2930 actione
256 2871 306 2932 vel
325 2873 427 2950 potius
453 2891 492 2930 ex
518 2871 705 2931 condictione
725 2872 839 2930 furtiva
863 2871 937 2931 iuris
958 2871 1078 2948 privati.
1105 2902 1144 2914 -
1173 2869 1302 2934 Senatus
1322 2878 1357 2931 ut
1377 2892 1446 2950 per-

110 2971 211 3032 mittat
231 2973 378 3033 eiusmodi
398 2974 546 3032 actionem
567 2972 731 3046 intendere,
758 2991 830 3032 sane
850 2972 932 3049 leges
952 2991 1014 3032 uon
1035 2972 1200 3049 requirunt3
1228 2973 1282 3032 sed
1307 2974 1361 3050 qui
1382 2980 1446 3033 tum

110 3082 175 3133 erat
197 3080 296 3134 status
312 3075 357 3134 rei
371 3073 492 3150 publica
504 3074 670 3146 Romanae,
691 3074 839 3133 eiusmodi
853 3073 1022 3133 consultum
1035 3073 1096 3132 nisi
1110 3075 1333 3152 praecessisset,
1354 3074 1446 3134 homo

110 3174 288 3251 peregrinus
312 3195 397 3234 reum
425 3175 540 3234 ordinis
569 3175 712 3234 senatorii
737 3173 769 3234 in
792 3175 937 3234 iudicium
957 3174 1126 3234 vocavisset
1147 3194 1215 3234 cum
1237 3193 1294 3233 sua
1313 3177 1447 3252 pernicie

111 3277 213 3352 potius
235 3293 325 3352 quam
345 3276 440 3336 illius.
483 3275 580 3336 Plane
605 3275 743 3336 similiter
763 3293 843 3335 anno
863 3274 1059 3353 praecedente
1080 3275 1212 3351 Hispani
1233 3276 1297 3334 nixi
1318 3277 1446 3353 genibus

112 3378 150 3436 ab
176 3385 282 3436 senatu
307 3379 470 3456 petierant,
496 3384 530 3436 ut
544 3377 594 3436 de
614 3377 749 3456 pecuniis
771 3376 867 3453 captis
888 3383 1057 3453 praetorem
1081 3376 1113 3435 in
1133 3376 1182 3435 ius
1204 3394 1312 3435 vocare
1333 3377 1446 3448 liceret,

111 3479 204 3555 idque
225 3497 294 3537 cum
315 3479 569 3557 impetravissent,
591 3479 852 3556 recuperatoribus
867 3478 995 3554 sumptis
1017 3495 1086 3536 eum
1100 3475 1277 3535 damnarant
1297 3476 1378 3552 (Liv.
1394 3478 1446 3550 43,

113 3578 159 3655 2).Ι
179 3611 220 3624 -·
245 3579 297 3637 Ad
318 3575 353 3640 0.
374 3579 548 3640 Lucretium
570 3587 605 3639 ut
624 3580 793 3651 redeamus,
815 3597 876 3656 quo
897 3587 1031 3655 tempore
1051 3578 1111 3637 hoc
1131 3585 1255 3638 senatus
1276 3577 1447 3636 consultum

111 3681 223 3739 factum
238 3687 294 3753 est,
315 3699 418 3740 mense
433 3680 558 3741 Octobri
573 3699 601 3739 a.
617 3679 678 3741 584
693 3680 804 3740 dudum
823 3681 851 3739 is
872 3700 912 3739 ex
925 3678 1103 3738 Macedonia
1115 3678 1261 3751 redierat3
1281 3697 1351 3738 nam
1365 3678 1447 3738 iusto

112 3789 250 3859 tempore
265 3799 471 3842 successorem
491 3783 608 3860 accepit
626 3801 682 3844 nec
695 3781 851 3860 probabile
866 3789 913 3841 est
930 3787 1002 3858 post
1021 3779 1090 3850 idus
1105 3779 1231 3840 Martias
1250 3799 1277 3838 a.
1293 3780 1363 3852 584,
1386 3797 1447 3857 quo

111 3883 271 3962 imperium
291 3885 407 3944 finitum
429 3893 503 3958 erat,
532 3883 584 3944 diu
605 3902 748 3960 cumpro
769 3891 908 3961 praetore
930 3882 1022 3942 classi
1042 3880 1221 3958 praefuisse.
1262 3879 1324 3943 Sed
1344 3881 1447 3959 ipsum

111 3985 237 4046 Livium
251 4002 344 4063 supra
357 3985 486 4045 vidimus
500 3985 613 4046 referre
627 3984 814 4061 aliquamdiu
835 4003 903 4044 eum
917 3983 1043 4043 latuisse
1058 3981 1143 4041 Antii
1159 3981 1236 4041 falso
1257 3987 1446 4056 excusatum,

112 4096 267 4164 tamquam
288 4087 333 4146 rei
354 4087 493 4164 publicae
514 4105 608 4147 causa
628 4087 766 4158 abesset,
794 4093 825 4146 et
845 4094 1004 4164 eapropter
1026 4091 1163 4144 senatum
1185 4100 1306 4142 causam
1328 4081 1448 4142 Chalci·

112 4188 253 4250 densium
274 4189 445 4267 ampliasse,
467 4189 562 4248 donec
576 4188 704 4248 adesset.
738 4185 824 4262 Quae
845 4187 947 4246 omnia
966 4186 1058 4246 etiam
1079 4185 1118 4245 ad
1132 4184 1353 4246 Thisbaeorum
1373 4201 1445 4260 que·

112 4291 259 4350 mmonias
280 4297 361 4351 recta
380 4290 546 4350 referemus
568 4291 635 4349 sine
655 4289 746 4349 dubio
768 4289 858 4347 simul
877 4288 941 4348 fere
960 4295 1114 4348 tractatas.

196 4391 305 4468 Capite
325 4391 439 4451 decimo
461 4392 504 4469 (r.
527 4389 665 4467 53-56)
691 4389 791 4468 agitur
811 4389 848 4449 dc
869 4390 1013 4449 societate
1032 4387 1175 4448 frumenti
1199 4394 1240 4460 et,
1265 4393 1300 4446 ut
1319 4385 1447 4460 videtur,

114 4495 186 4566 olei,
209 4512 288 4571 quae
308 4492 469 4554 Thisbaeis
489 4493 582 4552 fuerit
602 4511 669 4552 cum
691 4490 797 4552 Gnaeo
821 4491 941 4549 homine
962 4489 1146 4562 Pandosiuo,
1169 4488 1200 4547 id
1221 4496 1278 4560 est,
1299 4494 1333 4546 ut
1354 4505 1448 4563 supra

113 4615 144 4674 p.
161 4595 224 4656 289Ι
239 4595 377 4670 vidimus,
393 4595 508 4655 Italico.
544 4594 678 4658 Societas
692 4613 729 4653 ea
745 4592 827 4672 (nam
850 4591 912 4650 alia
929 4609 977 4650 res
991 4590 1137 4650 vocabulo
1152 4591 1233 4666 qnod
1254 4595 1301 4649 est
1320 4579 1448 4646 κοινωνία

116 4697 281 4777 significari
305 4716 366 4758 non
386 4697 497 4774 potuit)
518 4697 589 4756 talis
610 4695 674 4754 fere
694 4695 761 4767 luit,
783 4693 905 4770 qualem
923 4691 1065 4752 describit
1085 4690 1235 4769 Ulpianus
1257 4691 1331 4768 (dig.
1352 4690 1402 4762 17,
1418 4687 1447 4747 2.

117 4801 169 4876 52,
189 4799 235 4877 2),
256 4799 307 4859 ubi
328 4817 430 4876 aprum
446 4799 567 4876 petitori
588 4799 690 4860 damas
711 4799 742 4854 ta
764 4813 905 4856 commane
926 4795 1097 4870 quaerendis
1111 4793 1272 4871 fracticum
1294 4809 1372 4870 quae
1393 4808 1448 4867 po·

115 4903 239 4962 litioncs
253 4901 405 4980 quomodo
426 4901 491 4961 fieri
513 4900 649 4972 debeant,
671 4895 747 4958 (lato
762 4896 800 4956 de
820 4917 853 4956 re
866 4903 941 4955 rust.
958 4894 1027 4954 136.
1046 4893 1103 4953 137
1126 4901 1249 4954 enarrat
1262 4891 1314 4969 (cf.
1328 4891 1448 4954 Plinius

118 5094 324 5107 ———

118 5249 121 5256 ,
196 5217 222 5282 ¹)
245 5217 289 5270 De
307 5223 396 5282 stupro
414 5215 557 5268 Foucsrtus
576 5215 681 5281 cogitat,
699 5225 784 5278 nequo
801 5211 830 5262 id
847 5211 1001 5262 iniuriarum
1019 5210 1120 5262 actone
1138 5223 1192 5273 non
1211 5205 1449 5276 comprehenditur3

121 5309 168 5362 sed
186 5325 231 5363 cur
249 5309 282 5362 da
300 5325 332 5363 ea
349 5309 444 5363 iniuria
461 5308 624 5375 potissimum
643 5305 791 5374 conamus,
811 5317 889 5358 causa
906 5302 978 5356 nulla
996 5307 1043 5354 est.
