3620 6080
324 585 396 656 284
893 597 1075 651 nouussu

323 793 362 834 ex
390 791 449 848 quo
472 769 577 830 Sicilia
599 772 742 830 Romanis
768 790 873 847 parere
895 771 993 846 eoepit
1015 777 1044 826 et
1064 768 1194 825 fortasse
1215 765 1266 822 diu
1289 775 1377 824 antea
1397 766 1435 823 iis
1458 766 1510 840 qui
1531 765 1652 823 tabulas

322 875 458 951 publicas
471 872 550 949 apud
561 873 617 930 hos
627 872 795 930 tractabant
809 872 847 928 ad
858 888 964 928 manus
977 870 1097 928 fuerunt
1111 867 1227 924 librarii
1244 867 1401 941 utriusque
1418 865 1538 942 linguae
1553 866 1652 941 periti,

324 975 434 1048 quibus
449 973 480 1029 id
494 973 645 1046 negotium
659 985 739 1030 recte
755 973 996 1029 committeretur.
1009 1001 1047 1011 —
1063 967 1137 1026 Inde
1152 967 1329 1043 explicatur,
1344 973 1378 1022 ut
1392 965 1561 1024 Foucartus
1577 984 1653 1040 qno·

325 1093 382 1150 qne
404 1082 473 1149 apte
488 1072 639 1146 exposuit,
661 1072 712 1147 qui
727 1072 837 1128 iactum
859 1073 909 1142 sit,
931 1081 964 1128 nt
985 1068 1130 1127 vocabula
1151 1067 1284 1144 legitima
1304 1067 1379 1124 iuris
1397 1065 1509 1142 publici
1523 1065 1655 1124 Romani

327 1171 443 1232 Graece
465 1171 625 1228 reddantur
646 1172 677 1229 in
699 1173 871 1229 universum
894 1171 994 1228 verbis
1015 1170 1086 1226 item
1108 1169 1198 1224 certis
1225 1175 1255 1224 et
1276 1167 1485 1238 sollemnibus,
1514 1185 1596 1238 cum,
1626 1165 1654 1222 si

325 1272 530 1347 interpretatio
567 1290 627 1328 non
666 1271 782 1346 publice
807 1271 938 1342 Romae,
979 1269 1031 1327 sed
1059 1269 1139 1344 apud
1173 1265 1305 1325 Graecas
1340 1286 1390 1326 res
1427 1267 1563 1344 publicas
1596 1285 1655 1340 pro

326 1374 470 1447 cuiusque
492 1372 589 1428 lubitu
603 1372 683 1428 facta
703 1385 792 1441 esset,
815 1373 937 1430 omnino
957 1370 1034 1427 alius
1057 1369 1144 1426 aliter
1164 1388 1201 1426 ea
1219 1368 1367 1426 vertisset.
1399 1367 1541 1440 Exempli
1562 1383 1657 1424 causa

327 1472 588 1532 senatusconsulta
609 1471 666 1528 duo
689 1469 804 1530 Graece
826 1472 937 1547 scripta
958 1491 984 1528 a.
1001 1469 1060 1527 568
1083 1469 1120 1526 de
1133 1468 1263 1544 Delphis
1284 1479 1313 1526 et
1328 1468 1387 1526 676
1408 1467 1444 1526 de
1460 1465 1653 1541 Asclepiade,

327 1592 401 1648 quae
430 1572 498 1646 plus
521 1571 639 1630 saeculo
662 1571 787 1643 distant,
814 1571 933 1628 easdem
953 1571 1042 1645 plane
1064 1568 1207 1628 formulas
1229 1569 1353 1638 habent,
1379 1576 1412 1624 ut
1433 1577 1547 1626 serratus
1570 1563 1655 1633 esta‘

326 1659 512 1747 adpeteret:
532 1689 591 1746 quo
615 1671 759 1728 vocabulo
787 1669 903 1730 Graece
929 1661 1049 1728 comitia
1075 1669 1170 1746 magis
1199 1667 1457 1745 significantur1),
1489 1677 1555 1726 acte
1581 1669 1657 1724 diem

327 1765 377 1853 apd
403 1769 521 1851 ἡμερῶν,
555 1771 701 1828 scribendo
731 1773 887 1846 adsuerunt
914 1761 1082 1852 γραφομένῳ
1109 1770 1253 1850 παρῆσαν,
1287 1755 1418 1826 censuere
1444 1758 1528 1846 ἔδοξε
1558 1778 1587 1824 et
1615 1767 1659 1824 sic

328 1872 479 1946 deinceps,
501 1889 627 1945 quarum
641 1871 834 1928 formularum
850 1872 928 1927 aliae
942 1889 1047 1944 parum
1063 1868 1197 1928 Graecae
1213 1876 1292 1938 sunt,
1307 1868 1383 1926 aliae
1398 1869 1441 1926 ita
1455 1874 1658 1944 comparatae,

330 1981 363 2028 ut
389 1971 465 2029 idem
495 1971 597 2028 multis
619 1971 716 2028 modis
738 1971 865 2028 diversis
887 1989 947 2027 non
968 1971 1066 2028 minus
1088 1978 1156 2044 apte
1184 1969 1331 2025 enuntiari
1351 1969 1489 2043 potuerit.
1534 1965 1662 2027 Scilicet

328 2091 394 2128 cum
418 2091 437 2127 a
460 2069 594 2129 Graecae
615 2071 736 2146 linguae
757 2071 965 2128 communione
985 2069 1113 2127 Romani
1135 2069 1284 2126 abstinere
1304 2069 1470 2143 nequirent,
1491 2068 1661 2142 legitimum

329 2189 497 2229 sermonem
520 2189 604 2228 suum
628 2171 788 2246 prudenter
810 2178 839 2228 et
860 2171 976 2227 fortiter
997 2170 1093 2246 magis
1116 2187 1206 2244 quam
1228 2175 1296 2245 apte
1323 2177 1353 2226 et
1373 2170 1468 2246 perite
1489 2169 1517 2226 ei
1539 2185 1661 2243 qnoque

327 2271 447 2348 linguae
469 2271 641 2342 intulerunt,
664 2289 753 2346 quam
776 2288 860 2328 suam
882 2271 1007 2328 alteram
1027 2270 1179 2328 fecissent.

407 2471 519 2530 Forma
544 2481 665 2530 senatus
692 2472 823 2530 consulti
850 2471 887 2528 de
915 2470 1075 2529 Thisbaeis
1103 2469 1151 2528 vel
1178 2471 1278 2547 potius
1305 2477 1427 2528 senatus
1455 2469 1663 2527 consultorum

329 2569 412 2644 (nam
437 2590 505 2629 cum
533 2581 739 2646 argumentum
767 2573 968 2644 continuetur,
994 2591 1066 2629 vere
1098 2577 1169 2630 sunt
1199 2571 1258 2627 duo
1290 2571 1409 2628 decreta
1437 2569 1517 2626 facta
1551 2570 1661 2627 diebus

329 2669 470 2746 diversis)
493 2673 523 2728 in
547 2672 717 2729 universum
739 2673 843 2730 eadem
869 2679 916 2730 est
937 2679 1026 2746 atque
1052 2671 1125 2729 facti
1151 2671 1188 2728 de
1208 2670 1446 2728 Bacchanalibus
1472 2670 1663 2744 aliorumque

329 2779 418 2826 antea
445 2779 592 2828 notorum.
636 2773 742 2828 Annus
772 2771 936 2829 secundum
961 2789 1046 2830 nsum
1072 2772 1275 2830 Romanorum
1305 2769 1482 2844 antiquioris
1515 2769 1663 2844 temporis

329 2885 365 2924 eo
388 2875 501 2926 tantum
523 2871 680 2942 indicatur,
706 2873 787 2945 quod
808 2873 1001 2946 magistratus
1023 2872 1073 2946 qui
1095 2879 1217 2928 senatus
1240 2870 1405 2928 consultum
1426 2870 1530 2926 fecerit
1551 2887 1663 2928 nomen

328 2968 551 3042 praescribitur.
580 3003 618 3011 -
646 2970 694 3027 De
717 2969 830 3042 diebus,
857 2971 910 3045 qui
932 2977 1053 3028 senatus
1076 2971 1222 3029 consultis
1243 2970 1380 3027 omnibus
1402 2970 1663 3044 praescribuntur,

330 3084 398 3123 cum
420 3087 514 3142 nuper
536 3070 655 3146 egregie
679 3070 774 3146 egerit
796 3067 829 3128 Ο.
853 3070 948 3127 Bardt
969 3069 1110 3145 (Hermes
1133 3070 1160 3140 7,
1186 3071 1237 3144 14)
1265 3069 1397 3128 adhibito
1419 3069 1509 3127 etiam
1528 3071 1587 3126 hoo
1609 3070 1664 3127 do-

330 3177 467 3224 cumento
494 3155 655 3226 etiamtunc
681 3169 811 3240 inedit0,
846 3171 885 3226 ad
912 3189 977 3227 eam
1005 3171 1284 3228 commentationem
1309 3170 1436 3228 lectores
1464 3171 1593 3226 remitte.
1621 3203 1662 3212 —

330 3263 432 3324 Locus
455 3267 525 3336 item
547 3268 684 3344 ponitur,
711 3269 819 3327 solitus
842 3289 947 3346 nempe
968 3271 1000 3326 in
1022 3271 1155 3341 comitio,
1181 3270 1213 3328 id
1239 3270 1338 3327 estin
1359 3269 1442 3326 curia
1461 3267 1596 3326 Hostilia
1619 3270 1664 3345 (v.

331 3365 392 3422 vol.
416 3365 431 3422 I
453 3387 482 3442 p.
509 3367 591 3442 113).
615 3400 653 3410 -
682 3365 854 3444 Sequuntur
880 3370 1001 3427 nomina
1028 3387 1130 3427 eorum
1153 3370 1203 3444 qui
1231 3370 1391 3427 scribundo
1416 3368 1583 3441 adfuerunt,
1611 3371 1666 3444 qui

329 3463 360 3520 in
382 3467 482 3540 priore
504 3476 626 3525 senatus
648 3468 784 3526 consulto
806 3469 865 3525 duo
887 3461 965 3539 sunt,
991 3479 1025 3526 ut
1045 3469 1107 3526 bini
1128 3476 1243 3526 tantum
1270 3475 1362 3526 testes
1390 3469 1550 3544 perscripti
1577 3469 1666 3528 inve·

330 3563 454 3622 niuntur
480 3568 512 3623 in
538 3575 659 3626 senatus
681 3569 827 3627 constdtis
850 3567 965 3628 duobus
981 3569 1067 3643 apud
1088 3569 1251 3646 Iosephum
1272 3566 1421 3642 relatis2),
1441 3569 1473 3626 in
1494 3569 1666 3644 posteriore

334 3831 359 3878 p.
375 3819 400 3876 7,
419 3819 567 3870 Hercherus
586 3838 626 3871 me
650 3823 737 3873 docuit
760 3839 814 3873 non
838 3825 899 3874 solis
917 3824 1023 3872 Boeotis
1044 3825 1177 3888 proprium
1202 3839 1270 3885 esse,
1297 3825 1343 3873 sed
1366 3825 1428 3872 item
1451 3825 1663 3888 frequentissime

332 3908 439 3968 reperiri
457 3910 527 3972 apud
545 3913 749 3974 Alexandrinos,
777 3921 804 3962 ut
828 3915 897 3978 apud
914 3914 1124 3978 Lycophronem,
1149 3915 1177 3962 in
1201 3915 1317 3963 versione
1340 3915 1477 3962 bibliorum
1501 3915 1668 3977 septuaginta

333 3995 500 4060 interpretum
519 4003 623 4064 passim,
645 4003 755 4066 denique
775 4004 844 4067 apud
857 4005 998 4066 Byzantios
1017 4011 1133 4053 auctores
1152 4005 1232 4053 medii
1250 4005 1315 4065 aeri,
1333 3999 1364 4053 'ut
1381 4004 1410 4052 id
1429 4004 1519 4052 vitium
1538 4006 1668 4054 sermonis

334 4085 385 4133 late
408 4090 519 4150 patuerit
538 4105 642 4140 neeesse
662 4091 703 4141 sit.
741 4094 807 4142 Item
826 4088 906 4141 ἔναντι
923 4110 948 4143 v.
969 4095 1003 4143 52
1023 4109 1039 4144 a
1057 4101 1159 4157 recepto
1179 4109 1297 4143 sermone
1315 4094 1456 4143 abhorrens
1473 4094 1566 4142 iisdem
1584 4095 1667 4143 inter-

332 4176 447 4236 pretibus
476 4179 665 4230 Alexandrinis
678 4189 680 4194 '
693 4184 814 4232 usitatum
841 4199 905 4232 esse.
943 4184 1005 4234 Non
1033 4184 1118 4246 inepte
1140 4185 1218 4248 igitur
1242 4185 1350 4248 cogitari
1374 4184 1407 4232 de
1429 4185 1568 4246 interprete
1586 4183 1668 4234 huius

335 4252 549 4318 senatusconsulti
568 4270 667 4321 Romae
686 4273 796 4336 degente
814 4275 920 4322 natione
939 4273 1130 4335 Alexandrino,
1154 4275 1195 4324 vel
1214 4281 1282 4324 certe
1300 4288 1316 4323 a
1335 4273 1429 4326 Graeci
1447 4275 1573 4324 sermonis
1590 4289 1667 4324 mun·

337 4355 400 4404 ditia
420 4358 457 4406 ita
475 4359 568 4420 alieno,
588 4367 616 4408 ut
634 4376 650 4410 a
668 4351 815 4426 uulgaribus
835 4364 964 4412 erroribus
982 4379 1036 4414 non
1055 4370 1164 4413 caveret.

411 4444 434 4507 ¹)
461 4449 530 4498 Haec
549 4451 603 4513 apti
621 4452 741 4500 vocabuli
761 4468 817 4502 eum
831 4467 922 4516 parum
942 4459 1002 4518 apto
1015 4455 1168 4518 permutatio
1181 4469 1235 4503 non
1253 4459 1306 4502 tam
1325 4453 1359 4502 ad
1371 4453 1508 4502 infantiam
1522 4453 1667 4503 scribarum

335 4536 472 4588 referenda
492 4551 529 4588 est
549 4554 626 4604 quam
645 4542 678 4590 ad
694 4543 828 4592 eonsilium
853 4558 941 4592 eorum
966 4545 1009 4607 qui
1027 4544 1125 4594 Romae
1148 4543 1224 4593 rebus
1247 4535 1393 4608 praeerant,
1420 4557 1468 4593 nec
1490 4543 1546 4592 sine
1569 4543 1668 4594 idonea

335 4640 412 4676 causa
430 4627 462 4699 τῇ
481 4627 563 4699 βουλῇ
581 4626 626 4678 τῶν
645 4627 806 4698 Συρακοσίων
824 4634 962 4696 respondet
980 4649 1033 4683 non
1050 4625 1067 4697 ἦ
1086 4621 1167 4696 βουλὴ
1186 4631 1231 4682 'cciv
1248 4625 1386 4700 Ῥωμαίων,
1412 4632 1458 4682 sed
1481 4623 1496 4694 ἦ
1515 4621 1665 4700 σῦγκλὴτθς·

412 4715 436 4777 ²)
460 4721 551 4783 Antiq.
564 4721 622 4770 Iud.
639 4721 681 4782 13,
697 4723 721 4782 9,
738 4724 762 4772 2.
784 4724 826 4784 14,
843 4724 867 4784 8,
884 4723 908 4772 5.
939 4725 1000 4774 Non
1019 4731 1058 4773 est
1076 4725 1159 4773 simile
1178 4724 1248 4788 quod
1266 4723 1425 4788 comparavit
1436 4723 1578 4774 Foneartus
1595 4724 1666 4774 rela-

336 4807 391 4849 tum
410 4809 478 4868 apud
498 4810 650 4860 Ciceronem
668 4810 713 4872 (ad
729 4813 785 4862 Att.
799 4814 825 4874 4,
847 4815 890 4874 18,
912 4813 938 4874 2)
958 4815 1074 4864 consules
1093 4829 1116 4863 a.
1131 4815 1183 4864 699
1202 4819 1305 4878 pactum
1322 4813 1414 4862 fecisse
1433 4828 1492 4861 enm
1510 4813 1666 4876 petitoribus

338 4889 444 4942 daturos
463 4911 489 4944 se
509 4897 558 4946 duo
577 4901 734 4962 consulares,
761 4903 848 4968 quise
867 4888 978 4952 dicerent
994 4905 1022 4953 in
1041 4903 1162 4954 creandis
1175 4903 1319 4970 provinciis
1338 4900 1511 4953 consularibus
1529 4899 1663 4952 salbando

338 4973 460 5040 “ds'‘blle,
486 5000 540 5032 cum
566 4992 661 5040 omnino
685 5007 715 5042 ne
739 5000 839 5042 senatus
862 4993 959 5059 quidem
983 5009 1014 5044 ea
1036 4993 1077 5044 die
1093 4994 1189 5060 fltmset
1207 4991 1276 5056 [cod.
1297 4992 1394 5060 quidem
1414 4991 1555 5058 adsuescat}
1589 4992 1665 5043 Nam

340 5067 409 5204 quelq
427 5069 478 5207 dpo
492 5076 638 5212 cqqpulares
654 5083 788 5135 scribendo
808 5085 909 5147 adsunt,
929 5085 990 5136 inde
1009 5099 1065 5136 non
1080 5092 1148 5138 recte
1161 5085 1290 5151 colligitur
1307 5099 1361 5136 non
1371 5085 1429 5151 plus
1447 5083 1513 5136 duos
1530 5088 1665 5135 senatores

339 5167 387 5204 scri
407 5172 438 5207 en
457 5174 473 5208 o
492 5175 508 5210 a
555 5163 614 5216 isse.
1670 5177 1673 5184 '
