3654 6072
583 1319 1040 1434 subiuncturus

440 1529 513 1610 An
544 1528 804 1612 CORPORIS
833 1527 1090 1612 vcnvunu
1118 1527 1185 1610 tv.

708 1781 914 1794 ——n-——n-a—nn

360 1973 468 2076 ..Α-,1
514 1972 631 2078 Q!
676 1966 794 2076 tn!
840 1967 1121 2096 tntis-t
1168 1972 1283 2075 tn!
1330 1975 1438 2078 tn

840 2105 881 2146 cdi
888 2109 959 2147 Tecmo
974 2101 991 2162 Ξ
1139 2123 1155 2154 0

361 2193 462 2202 ψ.-
525 2194 625 2201 ..
687 2155 1276 2234 μ-Ο-..εη-ξῴ
1338 2191 1439 2198 ῃ

806 2223 829 2254 10
975 2217 991 2250 β

290 2288 334 2490 16
371 2311 453 2374 uns
533 2313 614 2376 nne
696 2237 1251 2392 rx,n{1x,1}r,1{1‚'i
1378 2313 1404 2362 u

806 2393 1157 2454 ”ee

363 2489 462 2494 .-.
687 2469 1440 2518 ψ-ρ-ῥ--ψῴ

695 2524 1332 2576 Stabiano

217 3091 352 3150 'Ruinae
370 3091 571 3165 Pompeianae
594 3089 821 3162 oumFmrellii
843 3107 916 3148 cura
936 3089 996 3148 iam
1019 3091 1097 3148 sicut
1118 3090 1222 3149 ordine
1245 3103 1325 3151 certo
1346 3095 1390 3152 ite
1410 3115 1478 3155 con·
1552 3159 1556 3170 ,

151 3194 236 3252 tinus
261 3211 354 3268 opera
380 3201 534 3264 eruantur,
561 3192 637 3250 nulli
662 3191 892 3270 inscriptionum
913 3189 1088 3248 Latinorum
1115 3193 1217 3268 generi
1243 3195 1340 3270 magis
1362 3197 1393 3254 in
1415 3197 1479 3255 dies

151 3312 263 3352 novum
284 3277 497 3350 incrementum
520 3293 709 3350 subnascitur
729 3309 820 3368 quam
841 3291 887 3350 illi
909 3291 990 3366 quod
1010 3292 1239 3367 parietariarum
1260 3297 1380 3355 nomine
1400 3316 1480 3356 com·

150 3393 373 3470 prehendimus
417 3391 504 3451 Unde
529 3393 640 3450 iactum
667 3400 728 3465 est,
756 3401 790 3450 ut
816 3392 899 3451 brevi
923 3393 1081 3450 intervallo
1108 3403 1178 3470 post
1203 3393 1313 3454 editum
1341 3407 1479 3473 quartum

152 3495 291 3554 volumen
317 3495 377 3552 iam
404 3513 464 3552 uon
489 3512 586 3569 pauca
612 3493 747 3572 syllogae
768 3503 890 3552 nostrae
912 3493 1119 3570 supplementa
1140 3495 1304 3569 prodierint
1325 3516 1363 3555 ex
1383 3497 1480 3574 iisque

152 3597 273 3673 potiora
300 3595 446 3671 quaedem
473 3595 585 3652 selecta
611 3595 682 3652 huic
707 3592 810 3652 libello
837 3593 928 3652 inseri
950 3593 1078 3669 possint.
1123 3592 1234 3671 Oppidi
1261 3607 1376 3672 partes,
1405 3617 1480 3676 qnae

152 3697 222 3769 inde
249 3695 287 3754 ab
314 3712 391 3754 enno
416 3695 494 3754 1868
521 3704 656 3753 extremo
683 3695 773 3754 effodi
799 3702 922 3772 coeptae
949 3703 1029 3767 sunt,
1057 3713 1123 3752 cum
1144 3697 1176 3753 in
1196 3695 1294 3754 forma
1313 3708 1417 3758 nostre
1436 3700 1481 3758 IV

153 3800 214 3858 tab.
232 3799 260 3855 A
283 3797 394 3868 desint,
422 3795 465 3854 ita
492 3796 654 3855 detinentes
681 3815 773 3872 supra
797 3796 949 3866 dedimus,
978 3803 1010 3853 ut
1036 3795 1155 3872 singule
1180 3797 1248 3854 loco
1269 3797 1360 3858 facile
1381 3809 1412 3858 et
1432 3801 1481 3860 de·
1531 3811 1534 3817 '

154 3900 248 3959 scribi
269 3918 287 3956 u
308 3899 394 3956 nobis
417 3906 446 3956 et
467 3897 591 3974 reperiri
612 3917 631 3954 a
652 3898 819 3973 legentibus
841 3903 975 3972 possent.
1013 3895 1090 3957 Sunt
1110 3907 1208 3956 cutem
1225 3900 1344 3958 insulse
1358 3903 1483 3978 viaeque

154 4021 174 4059 a
194 4001 244 4058 via
266 3997 411 4059 Stobiuna
437 3999 583 4057 orientem
605 4015 710 4056 versus
739 3998 813 4056 sitne
840 3999 974 4074 exceptis
1001 3997 1039 4055 iis
1064 4015 1139 4073 quas
1161 4000 1245 4076 prins
1268 4000 1399 4061 detectas
1422 4013 1483 4063 tam

153 4111 260 4162 nostra
283 4101 387 4158 tabule
406 4100 435 4156 A
460 4084 550 4175 quem
576 4100 674 4157 forme
697 4099 728 4156 in
758 4097 897 4158 Giomalc
922 4099 998 4174 deplt
1024 4103 1102 4158 scoot
1129 4101 1161 4157 di
1185 4099 1301 4176 Pompei
1327 4102 1344 4158 1
1372 4103 1483 4180 (1868)

154 4203 246 4262 tabl
273 4202 352 4260 edita
379 4201 519 4260 ostendit.
563 4197 648 4258 Oceli
672 4199 844 4276 regionibus
872 4199 920 4256 hic
947 4217 1067 4274 quoque
1093 4201 1248 4259 brevitatis
1274 4219 1364 4260 eausa
1385 4205 1484 4264 minus

155 4310 294 4364 accurate
315 4303 359 4360 ita
379 4319 452 4360 usus
475 4319 550 4374 sum,
573 4307 606 4358 ut
627 4300 759 4378 exempli
780 4300 877 4376 gretia
898 4300 977 4358 viam
994 4298 1168 4361 Stabianum
1191 4321 1209 4363 u
1231 4304 1431 4378 septentrione
1453 4305 1484 4364 in

155 4405 311 4464 meridiem
334 4403 448 4479 porrigi
471 4421 627 4461 sumerem.

283 4630 344 4690 AD
367 4628 715 4690 OANDIDATORVM
735 4626 1064 4689 PROGRAMMATA
1085 4627 1363 4702 ANTIQVIORA.

157 4787 224 4848 147
246 4788 280 4846 in
300 4787 414 4862 pariete
436 4785 574 4844 orientali
596 4785 712 4844 insulse
734 4785 882 4843 secundae
903 4784 1033 4860 regionis
1048 4783 1097 4844 IX
1118 4801 1213 4861 prope
1234 4785 1313 4844 viam
1335 4785 1434 4858 Balbi,
1458 4791 1487 4844 ic

201 4889 295 4948 letters
319 4889 374 4963 piri
401 4889 508 4962 prandi
536 4889 571 4944 ed
595 4887 706 4944 coticis
730 4901 847 4958 uerus,
876 4885 927 4961 qui
956 4894 1054 4942 utrum
1082 4885 1114 4943 in
1141 4885 1266 4944 tectorio
1293 4905 1331 4944 sn
1360 4888 1391 4945 in
1420 4888 1488 4964 ipso

201 4988 302 5066 lepide
325 5007 384 5046 non
407 4987 545 5046 dealbato
567 4987 648 5066 picta
670 4987 708 5045 sit
729 5005 789 5044 non
810 4985 929 5044 indicat.

743 5121 786 5180 L·
805 5120 910 5180 CAES

162 5262 184 5319 1.
207 5261 244 5320 de
266 5260 359 5319 Petra
383 5259 521 5320 Giorncle
542 5260 619 5336 depli
641 5264 720 5318 scaci
742 5260 771 5316 di
792 5257 910 5334 Pompei
931 5257 963 5315 II
986 5257 1095 5333 (1871)
1117 5278 1146 5335 p.
1166 5258 1223 5316 162
1245 5279 1274 5317 n.
1290 5259 1319 5318 5.

1247 5361 1266 5416 4
