3568 6070
390 1179 466 1289 lle
504 1169 818 1311 quorundam
841 1100 1196 1301 'aedificiorum
1232 1161 1552 1300 publicorum
1635 1257 1636 1260 ,

441 1361 445 1368 “
682 1339 826 1455 urbis
862 1339 1050 1451 Rornae
1086 1333 1268 1458 titulis.

962 1819 989 1875 1.

396 1941 434 1999 In
459 1938 659 2018 topographia
684 1939 768 1998 urbis
789 1937 904 1996 Romae
930 1935 967 1994 de
987 1933 1093 2012 paucis
1112 1934 1203 1992 rebus
1224 1931 1430 1992 vehementius
1451 1927 1641 2006 disputatum

314 2050 362 2102 est
386 2059 478 2116 qnam
504 2039 542 2098 de
567 2039 684 2098 duobus
705 2037 766 2096 illis
787 2037 907 2114 templis
928 2035 1007 2095 iuter
1027 2024 1215 2112 Capitolium
1230 2039 1261 2092 et
1280 2033 1379 2092 lorum
1398 2031 1572 2091 Romanum
1592 2029 1643 2088 vel

314 2141 471 2204 basilicam
483 2139 591 2198 Iuliam
612 2138 690 2212 sitis,
711 2155 837 2214 quorum
856 2137 937 2196 haud
958 2154 1070 2213 parvae
1091 2135 1235 2211 reliquiae
1256 2140 1426 2211 supersunt
1464 2129 1541 2192 Cum
1560 2130 1643 2188 enim

315 2243 442 2301 alterum
456 2257 525 2300 esse
540 2238 672 2310 Saturni,
694 2239 820 2298 alterum
834 2237 1017 2314 Vespasiani
1031 2242 1192 2308 constaret,
1213 2241 1312 2294 utrum
1326 2231 1519 2312 Vespasiani,
1540 2239 1642 2290 utrum

315 2338 438 2402 Saturni
458 2349 538 2400 esset
559 2340 676 2400 diverse
691 2322 869 2398 iudicarunt.
906 2335 967 2398 Sed
981 2354 1021 2397 ex
1038 2337 1141 2396 multis
1155 2337 1255 2406 rebus,
1270 2335 1378 2412 quibus
1392 2334 1425 2392 in
1437 2333 1643 2408 disputatione

314 2441 364 2499 usi
384 2447 463 2515 sunt,
484 2458 546 2500 una
565 2440 683 2501 videtur
704 2439 842 2500 sulficere
862 2439 903 2498 ad
923 2438 1130 2515 quaestionem
1151 2437 1337 2496 solvendam.
1380 2433 1441 2508 Qui
1462 2433 1540 2492 enim
1562 2433 1643 2492 tituli

314 2541 347 2601 in
367 2541 488 2618 templis
509 2539 598 2600 incisi
617 2539 742 2612 fuerint,
767 2539 805 2598 iis
827 2558 904 2617 quae
925 2557 1005 2598 nunc
1025 2546 1189 2616 supersunt
1209 2547 1239 2598 et
1259 2556 1335 2615 quae
1356 2535 1428 2594 clim
1449 2543 1556 2594 auctor
1576 2533 1643 2592 ido·

314 2659 388 2700 neus
408 2641 483 2719 legit
503 2640 684 2716 comparatis
707 2647 769 2698 tam
789 2648 928 2703 accurate
948 2639 1088 2716 cognosci
1107 2645 1217 2718 potest,
1241 2647 1276 2696 nt
1296 2637 1333 2696 de
1354 2637 1535 2714 templorum
1555 2635 1641 2710 ipso-

313 2759 380 2799 rum
401 2741 570 2800 nominibus
592 2740 787 2800 diiudicatum
809 2741 857 2798 sit

396 2841 480 2898 Inter
499 2840 597 2903 lorum
616 2840 785 2900 Romamm
808 2849 838 2900 et
852 2839 1035 2918 Capitolium
1056 2841 1115 2900 tria
1134 2841 1257 2899 omnino
1277 2839 1397 2898 fuerunt
1416 2837 1542 2914 templa;
1565 2837 1643 2912 eius,

315 2939 396 3016 quod
422 2941 592 3015 proximum
617 2941 675 2998 luit
700 2941 844 3000 basilicae
871 2940 982 3014 luliae,
1005 2950 1168 3020 supersunt
1193 2947 1261 3000 octo
1281 2939 1452 3012 columnas,
1477 2939 1564 2998 iuxta
1583 2937 1644 2996 fuit

315 3037 391 3098 illud
411 3041 496 3099 cuius
517 3060 596 3100 nunc
617 3047 698 3100 stant
718 3049 780 3100 tres
801 3041 973 3113 columnae,
999 3043 1031 3100 id
1056 3041 1174 3119 excepit
1193 3041 1336 3118 templum
1357 3040 1445 3100 cuius
1465 3057 1545 3099 nunc
1565 3039 1643 3097 nihil

316 3149 453 3217 superest
473 3141 531 3200 nisi
551 3141 754 3200 fundamenta
788 3142 888 3218 Atque
909 3142 967 3201 hoc
987 3143 1108 3218 quidem
1123 3141 1309 3203 Concordiae
1331 3157 1449 3200 sacrum
1461 3140 1557 3200 fuisse
1572 3158 1644 3200 con·

260 3313 269 3330 ι
316 3249 387 3313 stat,
407 3241 527 3300 illorum
542 3242 668 3301 alterum
684 3240 825 3316 Saturno,
847 3231 974 3302 alterum
985 3242 1183 3320 Vespasiano.
1210 3243 1257 3302 ¹Iu
1270 3260 1306 3302 eo
1321 3248 1429 3315 autern,
1448 3243 1530 3318 quod
1543 3242 1643 3320 primo

315 3341 383 3402 loeo
404 3343 507 3420 posui,
532 3343 682 3420 zophorus
696 3327 856 3420 ¹frontis¹)
882 3343 998 3420 integer
1018 3353 1156 3421 superest
1174 3344 1206 3404 in
1227 3359 1323 3419 eoque
1343 3341 1441 3403 incisa
1460 3350 1530 3403 sunt
1550 3343 1641 3402 haec:

692 3477 826 3522 SENATVS
843 3491 850 3507 ·
866 3475 1070 3535 POPVLVSQVE
1085 3491 1093 3508 ⁰
1109 3477 1262 3522 ROMANVS

692 3577 843 3624 tricennio
851 3593 858 3608 ·
868 3577 1100 3624 CONSVldPTVld·
1108 3578 1264 3623 assntvtr

314 3679 365 3738 Ex
386 3679 508 3740 alterius
528 3680 626 3740 fronte
648 3687 785 3758 superest
806 3683 931 3759 zophori
951 3700 1078 3762 estpars
1099 3701 1176 3760 quae
1196 3681 1253 3741 fuit
1265 3699 1356 3758 snpra
1374 3689 1540 3742 extremum
1553 3680 1643 3740 inter·

315 3780 497 3839 columnium
516 3781 547 3839 in
562 3799 656 3858 eaque
669 3783 784 3842 incisae
799 3791 869 3842 sunt
881 3785 998 3844 litterae
1012 3799 1172 3854 ssrrrvsa„
1197 3782 1307 3866 Atqui
1322 3782 1443 3842 saeculo
1456 3783 1520 3842 fere
1533 3790 1642 3841 octavo
1672 3817 1675 3824 ·

316 3889 573 3940 monumentorum
599 3883 682 3943 urbis
702 3883 816 3944 Romae
841 3884 946 3944 titulos
973 3884 1131 3962 descripsit
1148 3883 1232 3960 ipsas
1252 3883 1431 3962 templorum
1453 3883 1576 3942 illorum
1596 3883 1642 3941 in·

317 3979 497 4056 scriptiones
519 3982 696 4060 integriores
711 3985 797 4058 vidit3
820 3986 852 4044 in
874 3985 976 4046 codice
997 3985 1075 4044 enim
1095 3985 1159 4045 eius
1172 3984 1375 4044 Einsiedlensi
1390 3984 1434 4044 sic
1448 3983 1641 4043 exhibentur:

316 4083 348 4138 ia
372 4081 512 4157 Capitolio
535 4081 581 4160 (1)
602 4099 742 4144 senatvs
761 4099 946 4159 rosvust·
959 4101 1112 4160 aomanvs
1131 4100 1283 4146 iucsunro
1303 4100 1522 4145 cousvnewn
1542 4101 1642 4144 resri-

316 4197 386 4238 rvrr
406 4180 452 4258 (2)
468 4199 545 4244 orvo
557 4199 747 4244 vssrasrluo
759 4199 904 4245 nvcusro
920 4200 935 4244 s
948 4215 955 4230 ·
968 4202 984 4243 a
996 4214 1003 4230 ·
1015 4202 1057 4258 Q
1070 4203 1090 4244 a
1109 4166 1155 4262 (d)
1168 4203 1237 4244 ruri
1250 4215 1256 4230 ·
1270 4200 1361 4260 caess
1374 4214 1381 4230 ·
1393 4200 1525 4245 sevaavs
1538 4202 1573 4243 ετ
1583 4201 1642 4242 au-

317 4295 457 4342 rouruvs
469 4312 477 4328 ·
490 4300 527 4342 ru
542 4299 641 4344 rsurc·
654 4301 718 4344 avc
733 4291 977 4346 ussrirvsuvur·
1000 4285 1046 4364 (4)
1061 4301 1076 4345 s
1089 4314 1096 4331 ·
1107 4303 1123 4344 r
1135 4315 1142 4332 ·
1155 4302 1197 4358 Q·
1210 4303 1243 4344 a·
1254 4303 1357 4345 morra
1371 4275 1575 4345 eoucoaorar
1589 4303 1643 4346 vu-

318 4397 453 4441 rvsrnrs
472 4371 655 4448 comissam
674 4402 707 4443 tu
726 4401 887 4446 ustionem
906 4402 1016 4447 rectem
1030 4403 1126 4447 orsus
1141 4402 1178 4444 ετ
1194 4401 1295 4446 cvirv
1310 4402 1531 4446 seusubrmoas
1547 4403 1641 4445 ussu-

318 4497 475 4542 rvruvrur.
511 4483 597 4544 Haec
616 4485 786 4563 quicunque
807 4487 856 4546 vel
876 4487 1057 4546 mediocrem
1077 4485 1345 4566 linguae'Lat‘rnae
1367 4487 1522 4546 scientiam
1543 4487 1645 4558 habet,

317 4581 406 4640 facile
431 4583 577 4661 intellegit
604 4594 742 4646 constare
763 4607 803 4646 ex
824 4593 966 4664 quattuor
986 4587 1245 4666 inscriptionibus,
1273 4605 1348 4665 quas
1369 4587 1502 4648 numeris
1522 4587 1645 4646 insertis

248 4677 250 4682 ’
319 4671 456 4751 distinxi.¹
495 4685 596 4760 Atque
622 4687 756 4745 ultimam
782 4687 901 4764 quidem
929 4695 1040 4747 certum
1068 4697 1117 4748 est
1143 4688 1239 4747 fuisse
1264 4687 1297 4747 in
1324 4688 1388 4748 eius
1410 4688 1516 4765 templi
1536 4689 1643 4760 fronte,

320 4781 405 4840 cuius
433 4802 512 4843 nunc
538 4785 732 4846 fundamenta
758 4796 874 4846 tantum
900 4797 1075 4865 supersunt3
1104 4789 1203 4866 prima
1229 4794 1313 4847 extat
1340 4787 1371 4846 in
1396 4788 1531 4864 zophoro
1561 4787 1643 4846 aedis

320 4887 388 4938 octo
414 4883 635 4958 columnarum
661 4889 780 4948 tertiam
802 4889 902 4973 “fuisse
929 4889 961 4948 in
981 4889 1115 4968 zophoro
1136 4888 1219 4950 aedis
1239 4888 1329 4948 trium
1350 4887 1554 4948 columnarum
1574 4887 1642 4946 ideo

320 5024 524 5047 -.-.....,...

397 5101 421 5166 ¹)
449 5105 513 5158 Esse
536 5107 647 5160 frontem
671 5125 724 5161 non
742 5111 866 5175 posticam
886 5127 942 5162 cum
962 5111 1026 5162 alias
1046 5111 1079 5164 ob
1098 5127 1138 5164 res
1156 5111 1290 5178 probabile
1309 5117 1347 5163 est
1365 5116 1418 5162 turn
1437 5111 1497 5162 ideo
1516 5109 1585 5177 quod
1604 5109 1641 5159 iu·

321 5193 414 5258 scripta
432 5202 478 5246 est.
