3654 6072
145 619 241 669 ae-aa
569 611 1051 678 vournnrrovrssrnnatn.
1427 599 1474 669 25

143 785 192 846 86
214 788 246 845 in
268 787 402 864 margine
422 785 564 846 inferiore
586 788 670 847 basis
691 791 836 847 rotundae
858 789 973 864 pineae.
1008 789 1172 847 Praeneste
1186 805 1249 864 rep.
1265 808 1283 846 a
1298 785 1469 848 Galeassio.

189 887 291 947 Hodie
313 890 394 965 apud
416 889 614 948 Bonannium.

694 987 709 1029 r
726 1001 733 1016 ·
749 987 823 1030 or¹o
839 1001 846 1016 ·
863 987 935 1030 cssr

146 1123 299 1200 Ectypum
321 1124 403 1183 misit
423 1123 585 1183 Heuzenus
607 1134 761 1202 acceptum
782 1145 801 1183 a
822 1123 980 1184 Cicerohia
1001 1124 1150 1202 ediditqm
1170 1125 1254 1183 Ball.
1280 1123 1358 1184 1864
1381 1143 1410 1200 p.
1426 1123 1475 1182 22.

149 1329 217 1390 87*
239 1331 415 1390 Praeneste.

724 1387 818 1473 orra-
838 1431 873 1470 ι·
891 1429 906 1470 s

147 1548 324 1606 Bonannius
345 1549 428 1607 Ball.
453 1548 533 1607 1870
554 1568 583 1624 p.
604 1547 671 1606 105.

147 1751 196 1812 88
222 1755 254 1813 in
277 1755 413 1831 margine
439 1755 594 1830 superiore
614 1756 698 1814 basis
718 1755 864 1813 rotundae
886 1755 999 1830 pineae.
1044 1757 1207 1814 Praeneste
1229 1757 1261 1814 in
1282 1755 1374 1814 fundo
1397 1755 1476 1812 dicto

192 1857 222 1913 lu
247 1854 422 1914 Golomdellc
443 1875 505 1931 rep.
529 1877 566 1914 m.
591 1853 673 1933 Sept.
697 1875 725 1914 a.
743 1854 831 1915 1868.
878 1857 977 1915 Hodie
999 1861 1030 1916 ui
1048 1859 1139 1932 prati.

692 2024 845 2070 ORCEVld‘
862 2027 881 2068 C
895 2039 902 2054 ·
919 2027 935 2068 1²

148 2162 311 2222 Henzenus
340 2164 378 2221 ad
404 2173 540 2240 ectypum
568 2165 693 2222 missum
722 2185 740 2222 a
765 2164 805 2222 D.
828 2165 986 2222 Bouaunio
1007 2164 1090 2222 Ball.
1116 2164 1194 2224 1869
1217 2184 1245 2241 p.
1265 2163 1333 2222 165.
1377 2161 1477 2220 Hodie

149 2263 254 2322 deesse
276 2281 351 2324 Μ
372 2265 415 2323 ait
436 2265 737 2342 Trendelenburgius.

193 2365 338 2436 01000101,
366 2365 504 2436 Orcivios,
530 2365 651 2426 Orcaioa
673 2367 710 2424 cf.
733 2366 948 2437 1,133-136,
971 2367 1038 2441 eph.
1055 2365 1104 2422 34.
1121 2365 1172 2424 89.

148 2568 195 2630 89
223 2573 254 2630 in
276 2571 341 2631 basi
362 2574 492 2632 rotunda
512 2573 627 2650 pineae.
665 2571 828 2632 Praeneste
850 2593 913 2649 rep.
935 2593 954 2630 a
969 2571 1138 2631 Galeassio.
1175 2571 1270 2630 Extat
1284 2571 1363 2648 apud
1378 2569 1478 2630 Cicer·

190 2673 297 2731 chiam.
907 2718 909 2722 .

661 2742 938 2798 Q·oncv1vs·Q·
956 2743 970 2784 a
1012 2744 1044 2786 aa

147 2871 298 2948 Ectypum
319 2881 473 2949 acceptum
495 2892 514 2930 a
528 2870 685 2931 Cicerohia
706 2873 787 2930 misit
800 2872 963 2930 Henzenus
986 2869 1135 2946 ediditque
1149 2870 1230 2927 Ball.
1249 2869 1329 2928 1864
1350 2891 1380 2947 p.
1397 2868 1446 2927 22.

191 2971 346 3048 [Notabile
374 2981 421 3032 est
448 2974 479 3031 in
505 2973 601 3032 titulis
627 2973 674 3032 his
702 2973 907 3031 Praenestinis
933 2973 1011 3030 inter
1036 2971 1111 3030 duos
1139 2980 1338 3030 consonantes
1364 2973 1479 3048 passim

148 3074 281 3132 vocalem
305 3095 332 3147 c,
359 3091 429 3132 raro
450 3094 470 3132 0
496 3075 606 3132 omitti:
637 3083 670 3132 ut
694 3075 803 3150 legitur
825 3075 910 3131 Attia
930 3074 997 3149 eph.
1018 3073 1072 3144 333
1097 3071 1319 3142 0001110199,
1342 3073 1367 3130 si
1388 3073 1478 3131 lectio

148 3177 245 3251 proba
265 3184 324 3246 est;
349 3176 457 3234 Crateti
476 3176 544 3251 eph.
558 3176 596 3234 53
603 3197 611 3247 ;
638 3175 754 3235 Gminia
769 3177 836 3252 eph.
849 3174 904 3246 723
927 3175 1061 3250 Mpolaiu
1082 3174 1108 3246 Ι,
1127 3173 1195 3244 118,
1218 3173 1326 3232 Matlia
1342 3174 1409 3248 eph.
1423 3174 1479 3244 80;

149 3277 346 3352 [NJumtoriai
366 3277 390 3348 Ι,
409 3276 483 3347 121;
513 3276 616 3335 Orcvio
638 3276 753 3348 1‚133‚
778 3276 897 3335 Orcvias
919 3276 982 3347 hic,
1010 3294 1078 3333 eum
1100 3274 1171 3331 alibi
1192 3273 1306 3350 legatur
1329 3273 1479 3346 Octavium

148 3377 329 3435 Peccata...
352 3378 377 3448 I,
395 3377 469 3448 137;
496 3376 618 3436 Ptroaio
640 3379 707 3452 eph.
724 3377 777 3448 923
805 3378 911 3435 Poldia
932 3377 999 3450 eph.
1016 3377 1071 3445 953
1102 3375 1184 3434 ntia
1205 3375 1273 3450 eph.
1292 3376 1349 3434 108
1357 3397 1365 3448 3
1392 3375 1478 3434 Voln-

149 3479 196 3537 tili
218 3480 285 3556 eph.
303 3477 372 3550 126,
395 3497 461 3536 oum
483 3479 556 3536 alibi
579 3479 619 3536 sit
637 3478 818 3537 Volcatilr'ua.
855 3477 914 3564 ΤΗ.
931 3477 984 3552 M.]

142 3686 199 3746 -96
226 3688 258 3744 in
283 3638 350 3744 basi
374 3686 504 3743 rotunda
529 3683 643 3759 pineae.
686 3685 851 3743 Praeneste
876 3684 907 3740 in
934 3682 1027 3740 fundo
1056 3681 1135 3740 dicto
1160 3682 1190 3738 la
1215 3679 1390 3740 Colombella
1414 3699 1477 3757 rep.

192 3807 231 3844 m.
255 3785 336 3864 Sept.
359 3805 386 3845 a.
405 3785 494 3845 1868.
538 3785 636 3844 Hodie
658 3789 689 3843 01
705 3789 795 3861 proti.

703 3937 820 3979 tactam
834 3949 842 3964 ·
857 3939 877 3978 Α
892 3949 898 3964 ·
915 3937 931 3978 F

150 4069 313 4126 Henzenus
335 4065 373 4124 ad
395 4075 533 4142 ectypum
556 4065 681 4122 missum
704 4083 722 4121 a
743 4064 783 4121 D.
806 4037 964 4122 Bonannio
986 4065 1068 4122 Ball.
1094 4064 1173 4124 1869
1196 4084 1225 4141 p.
1244 4063 1312 4123 165.

150 4275 192 4334 91
213 4276 245 4332 in
265 4274 332 4332 basi
353 4257 619 4349 rotunda'pineae.
663 4272 828 4330 Praeneste
850 4272 881 4329 in
902 4272 990 4329 vinea
1011 4271 1101 4329 Dom.
1125 4269 1264 4331 Gereoni.

748 4423 761 4464 a
777 4435 783 4450 ·
799 4422 889 4464 unuin

149 4549 269 4623 Ectypa
296 4545 399 4622 plura,
426 4545 479 4603 sed
507 4544 634 4604 evanida
662 4543 763 4600 omnia
789 4541 871 4600 misit
892 4542 1054 4601 Heuzenus
1077 4551 1200 4618 accepta
1221 4559 1239 4597 a
1260 4539 1300 4598 D.
1323 4539 1482 4598 Bonannio

148 4649 303 4722 ediditque
331 4647 413 4703 Ball.
440 4646 517 4705 1866
543 4666 572 4722 p.
592 4644 660 4703 135.
703 4644 882 4702 Emendavit
903 4643 1162 4718 Trendelenburg,
1190 4642 1338 4700 adnotans
1365 4641 1481 4700 litteras

147 4751 226 4808 duas
247 4747 462 4825 paenultimam
484 4754 513 4805 et
534 4746 670 4804 ultimam
691 4743 820 4802 incertas
842 4763 918 4803 esse.

150 4956 198 5015 92
219 4954 331 5013 litteris
348 4953 560 5012 vetustissimis
582 4954 614 5012 in
628 4952 693 5011 basi
710 4952 839 5010 rotunda
851 4951 968 5028 pineae.
1004 4949 1167 5008 Praeneste
1182 4951 1213 5007 in
1229 4951 1317 5008 vinea
1332 4948 1483 5010 Galeassi.

668 5100 861 5146 warnorum
876 5116 883 5130 ·
900 5101 972 5144 ω
1014 5104 1044 5144 aa

149 5227 315 5286 Henzenus
337 5225 376 5284 ad
398 5233 538 5302 ectypum
561 5224 686 5284 missum
709 5243 727 5280 a
747 5223 787 5282 D.
811 5221 968 5282 Bonannio
990 5221 1071 5280 Ball.
1097 5221 1175 5281 1867
1198 5241 1227 5298 p.
1247 5220 1316 5280 184.
