3568 6070
370 649 442 722 202
919 655 1148 718 nnuovnunr

369 857 441 899 vero
466 837 616 897 flaminica
637 841 782 912 perpetua
802 831 882 890 sucta
903 837 949 888 est
970 829 1157 900 Tarracone,
1184 833 1344 905 postquam
1366 825 1505 902 deinceps
1526 826 1580 884 fuit
1598 826 1679 884 flami-

368 943 438 1001 nica
458 958 488 1016 p.
510 937 550 998 H.
567 935 613 1010 0.,
636 933 856 1005 Osicerdensis,
879 929 1168 1010 caesaraugustana.
1193 926 1243 988 Sic
1266 927 1386 1003 saepius
1409 926 1596 1002 distinguitur
1614 929 1679 986 iuter

370 1040 542 1100 flamonium
564 1036 736 1116 provinciae
757 1045 787 1093 et
807 1033 979 1092 flamonium
1001 1038 1176 1109 perpetuum
1199 1029 1362 1107 municipii,
1384 1047 1433 1086 ex.
1456 1047 1480 1086 c.

413 1163 444 1202 n.
460 1140 509 1200 32.
553 1141 617 1198 Ioui
638 1148 671 1196 c.
685 1157 722 1195 m.
739 1137 851 1196 Flauia
872 1133 911 1194 L.
927 1137 956 1211 s.
974 1133 1081 1210 Rufina
1094 1132 1284 1190 Emeritensis
1299 1131 1449 1206 flaminica
1466 1131 1591 1205 provinc.
1605 1129 1679 1188 Lusi-

454 1245 559 1312 taniae,
581 1244 646 1299 item
666 1237 822 1314 ccl(oaiae)
842 1235 1029 1294 Eaamiteneis
1050 1243 1188 1310 perpetua
1210 1241 1235 1291 et
1256 1235 1392 1308 municipi
1414 1229 1560 1290 Salacien.
1581 1231 1606 1288 d.
1627 1231 1650 1288 d.

411 1366 441 1403 n.
457 1341 548 1403 4211.
592 1341 627 1398 P.
649 1338 689 1398 H.
713 1358 737 1398 c.
760 1336 798 1396 L.
820 1336 949 1395 Domitio
973 1335 1015 1394 M.
1031 1337 1061 1409 s.
1085 1333 1168 1409 Serp.
1186 1333 1367 1392 Dentoniaao
1388 1333 1474 1391 iudic.
1497 1333 1554 1391 dec.
1570 1331 1602 1390 V.
1622 1350 1678 1408 equo

450 1443 577 1521 publica.
603 1459 666 1517 per.
692 1439 810 1497 Troica.
839 1437 931 1495 Heia.
957 1439 1059 1496 munic.
1087 1431 1392 1508 Consaburcn(eneis),
1413 1431 1555 1510 flamiam)
1577 1442 1678 1508 perpet,

454 1577 493 1590 -
515 1575 557 1585 -—
579 1573 617 1584 -
633 1539 777 1617 flamine)
795 1519 988 1614 p(rooincioe)
1010 1536 1050 1596 H.
1074 1555 1098 1595 c.

372 1657 405 1705 ut
425 1646 474 1705 vel
501 1663 539 1702 ex
567 1644 624 1701 hac
651 1640 839 1698 distinctione
864 1637 1066 1726 intellegatur,
1095 1635 1270 1714 provinciae
1296 1633 1497 1694 sacerdotium
1523 1651 1579 1692 non
1603 1634 1679 1693 fuisse

370 1754 557 1825 perpetuum.

454 1847 605 1915 Alterum,
627 1844 658 1902 in
680 1859 739 1918 quo
758 1840 906 1905 erravisse
921 1839 995 1898 mihi
1009 1839 1127 1898 videtur
1140 1835 1331 1910 Huebnerue,
1353 1836 1429 1896 illud
1445 1843 1501 1909 est,
1523 1837 1607 1914 quod,
1626 1855 1679 1895 oum

371 1949 562 2008 observasset
583 1961 636 2004 eos
657 1942 829 2020 provinciae
852 1940 1035 2012 sacerdotes,
1060 1957 1189 2016 quorum
1211 1938 1290 1997 tituli
1311 1946 1443 2012 exstem,
1466 1958 1483 1996 e
1504 1937 1679 2014 quadraginta

371 2051 434 2108 iere
455 2047 624 2107 civitatibus
645 2043 819 2121 provinciae
840 2040 982 2100 oriundos
1005 2058 1083 2112 esse,
1105 2057 1192 2099 suum
1214 2057 1364 2116 quamque
1385 2039 1538 2099 civitatem
1552 2039 1680 2098 flaminem

327 2163 330 2170 '
371 2151 410 2210 ad
432 2147 591 2208 concilium
613 2145 770 2220 delegasse
793 2145 905 2215 statuit,
928 2159 1040 2219 eosque
1061 2141 1197 2201 flamines
1220 2149 1362 2217 tanquam
1377 2141 1529 2217 quoddam
1544 2140 1679 2216 collegium

372 2250 509 2310 effecisse
536 2247 683 2323 (Hermes
708 2247 722 2303 l
751 2264 781 2321 p.
799 2241 992 2320 llil-116).
1036 2243 1073 2302 Iu
1101 2261 1161 2318 quo
1190 2243 1344 2319 praeteriit
1371 2261 1440 2301 eum
1468 2243 1598 2302 flamines
1621 2261 1680 2300 nun-

371 2360 466 2429 quam'
487 2349 645 2425 collegium
667 2346 848 2406 constituere
875 2343 929 2422 (ci.
951 2343 1118 2404 Mommsen
1140 2343 1178 2402 ad
1198 2341 1349 2419 Borghesi
1371 2362 1441 2421 opp.
1458 2343 1487 2416 5,
1503 2342 1588 2419 201),
1611 2361 1680 2419 prae·

370 2459 453 2513 terea
475 2459 585 2522 autem,
607 2450 635 2508 si
657 2465 743 2508 suum
765 2463 901 2524 quaeque
923 2446 1029 2506 civitas
1050 2446 1081 2504 iu
1100 2443 1258 2504 concilium
1272 2444 1422 2504 flaminem
1438 2446 1580 2518 misisset,
1599 2444 1680 2522 ipsum

370 2555 521 2614 civitatem
550 2571 617 2610 eum
646 2558 814 2608 creaturam
842 2547 947 2607 fuisse.
997 2547 1092 2623 Atqui
1120 2564 1139 2604 a
1167 2546 1294 2606 concilio
1323 2546 1497 2621 provinciae
1525 2547 1681 2606 creabantur

369 2656 506 2716 flamines
529 2651 639 2730 singuli
662 2649 716 2726 (H,
733 2649 815 2708 2344
837 2649 884 2709 liic
900 2652 1069 2726 prouinciae
1082 2649 1221 2707 Baeticae
1242 2665 1378 2707 consensa
1390 2649 1523 2724 flmninis
1544 2655 1680 2706 manasset

370 2753 572 2832 comagenem)
593 2753 674 2829 iique
695 2770 735 2809 ex
757 2749 849 2808 variis
872 2750 1053 2822 civitatibus,
1076 2757 1108 2808 ut
1129 2755 1159 2807 et
1178 2749 1302 2808 honoris
1323 2767 1427 2809 omnes
1451 2750 1585 2809 civitates
1604 2747 1679 2826 parti·
1763 2781 1764 2808 t

185 2866 189 2874 '
282 2906 287 2913 .
370 2859 451 2933 cipes
473 2862 573 2914 essent
594 2860 624 2913 et
646 2860 797 2928 sumptum
818 2851 957 2910 ludorum
971 2858 1037 2910 tota
1050 2850 1206 2927 provincia
1219 2849 1416 2928 aequabiliter
1430 2852 1580 2913 toleraret.
1614 2848 1679 2922 Quo·

369 2958 468 3017 tannis
494 2961 611 3014 creatos
637 2969 705 3012 esse
731 2952 867 3010 flamines
894 2969 1065 3030 quanquam
1088 2952 1249 3012 verisimile
1275 2958 1443 3011 esttamen
1466 2971 1506 3011 ex
1527 2951 1679 3029 Hispanicis

370 3057 466 3116 titulis
489 3075 549 3114 uon
571 3063 705 3132 apparet.

424 3235 432 3246 ἱ
453 3159 482 3216 4.
527 3155 669 3218 Srmusa
692 3172 857 3227 commune,
878 3155 959 3231 quod
979 3155 1136 3234 provincia
1158 3153 1311 3231 antiquius
1331 3164 1386 3227 est,
1407 3164 1619 3216 conservarunt
1630 3155 1678 3214 Ro·
1762 3145 1763 3172 l

368 3258 450 3316 mani
476 3265 505 3316 et
532 3251 735 3334 compluribus
753 3254 950 3315 verrinarum
976 3255 1051 3314 locis
1074 3253 1182 3316 (liceto
1203 3264 1424 3315 commemorat.
1475 3257 1514 3316 V.
1536 3257 1636 3316 Aecus.
1654 3255 1678 3311 in

369 3359 453 3419 Verr.
470 3357 499 3431 2,
515 3359 565 3431 46,
584 3357 655 3415 114:
682 3357 815 3434 Denique
836 3375 910 3416 nunc
930 3359 1010 3428 cide,
1034 3359 1107 3434 qaid
1124 3360 1200 3414 inter
1220 3365 1255 3428 te,
1277 3360 1358 3416 caios
1379 3362 1491 3417 nomine
1513 3359 1591 3434 opud
1609 3355 1677 3414 Sicu-

369 3459 413 3518 los
431 3461 502 3535 sesti
529 3460 589 3516 dies
611 3467 736 3534 aguntor
758 3469 784 3518 et
798 3459 958 3534 praeclara
979 3459 1033 3516 illa
1053 3458 1158 3518 Verria
1179 3457 1366 3528 celebrantur,
1394 3463 1440 3518 cui
1462 3469 1573 3518 statulae
1591 3457 1678 3517 Bonae

368 3563 628 3628 mantiscinatus,
650 3576 671 3615 a
692 3563 830 3618 communi
852 3558 980 3633 Siciliae,
1002 3537 1236 3636 quemadmodem
1257 3562 1424 3635 inscriptam
1446 3562 1581 3631 videmos,
1602 3559 1677 3617 datae.

368 3660 410 3719 ib.
431 3658 460 3731 2,
474 3659 525 3732 59,
543 3658 616 3716 1452
638 3658 832 3734 (imperasti),
854 3662 990 3719 attidem
1007 3678 1065 3736 pro
1084 3659 1169 3736 parte
1190 3664 1222 3718 in
1243 3679 1385 3720 commune
1398 3661 1522 3721 Siciliae
1541 3661 1678 3740 consonent
1761 3695 1762 3698 η

369 3759 464 3832 2,63,
482 3760 554 3818 154:
581 3757 661 3816 Huic
681 3762 766 3816 etiam
786 3759 894 3817 Bonane
914 3763 1040 3820 videmus
1061 3765 1092 3820 in
1113 3761 1178 3820 daei
1198 3770 1358 3820 statuarum
1378 3766 1511 3821 maeimie
1533 3763 1626 3821 litteris
1644 3762 1678 3816 in·

369 3865 467 3930 cisum,
490 3879 509 3918 a
531 3862 670 3919 communi
691 3859 810 3919 Siciliae
831 3859 925 3918 datas.
963 3857 1012 3919 Gi.
1036 3860 1130 3934 2,42,
1148 3861 1221 3922 103:
1243 3863 1325 3922 Dicit
1343 3875 1493 3940 praeterea
1515 3864 1678 3924 testimoninm

369 3970 430 4020 tota
445 3959 559 4031 Sicilia,
582 3978 655 4036 qaae
676 3964 707 4017 in
729 3961 917 4020 communitas
934 3962 1091 4036 postulatis
1114 3969 1258 4025 ciuitatum
1280 3969 1402 4026 omnium
1421 3965 1582 4025 consulibus
1595 3962 1677 4029 edidit,

369 4079 490 4138 ,rogare
510 4070 595 4136 atque
616 4079 700 4120 crare
718 4071 815 4136 patres
837 4064 1021 4136 conscriptos,
1044 4073 1075 4122 at
1095 4075 1257 4138 statuerent,
1279 4085 1313 4126 ne
1328 4067 1485 4126 absentium
1498 4069 1608 4124 nomina
1620 4063 1678 4120 rcci-

364 4170 513 4239 pcrentar.
557 4159 586 4234 2,
606 4160 656 4233 59,
674 4161 746 4218 146:
772 4159 851 4220 Nam
873 4161 1026 4238 lagationes
1047 4169 1168 4224 omniurn
1190 4169 1335 4227 ciuitatum
1354 4171 1385 4225 in
1402 4167 1559 4244 postulatis
1576 4181 1676 4224 conna-

367 4263 451 4323 nibus
473 4297 511 4308 —-
535 4264 619 4320 etiam
640 4261 692 4330 luo
714 4262 870 4335 ediderunt,
892 4272 924 4322 ut
944 4273 1056 4325 statuas
1077 4261 1112 4325 n'e
1133 4270 1192 4338 cai,
1213 4270 1273 4327 nisi
1294 4287 1355 4328 cam
1376 4271 1403 4327 is
1424 4269 1459 4326 de
1475 4269 1621 4344 prouincia
1640 4264 1677 4321 de·

368 4365 506 4433 aestaset,
523 4361 736 4440 pollicerentur.
768 4362 880 4422 Postea
900 4363 990 4424 huius
1009 4365 1129 4426 concilii
1147 4367 1234 4426 nulla
1251 4365 1285 4426 fit
1299 4369 1411 4428 mentio
1425 4387 1481 4428 nec
1495 4365 1677 4426 sacerdotium
1759 4443 1760 4446 Ἴ

368 4463 540 4539 provinciae
565 4462 680 4535 inveni,
707 4480 880 4539 quenquam
901 4481 969 4524 cum
989 4465 1149 4527 Messanae
1169 4467 1281 4529 fuerint
1301 4478 1332 4529 et
1354 4469 1452 4529 VIoiri
1471 4465 1638 4544 Aupastales
1654 4469 1678 4520 tl

361 4563 513 4637 flaminica
534 4565 618 4622 diuae
631 4561 707 4640 Aap.
730 4562 948 4639 (Torremuzza
969 4563 1091 4628 Siciliae
1107 4571 1194 4629 inser.
1217 4587 1242 4629 c.
1260 4571 1288 4642 1,
1304 4570 1332 4630 4.
1348 4569 1412 4646 24),
1435 4568 1576 4634 Panormi
1595 4564 1678 4627 VIuiri

368 4661 447 4739 Anp.
474 4663 533 4736 (ib.
555 4683 581 4723 c.
600 4663 692 4738 1,10.
710 4662 779 4740 29),
805 4663 944 4742 Lilybaei
958 4667 1066 4742 flamen
1086 4671 1153 4744 imp.
1174 4668 1312 4730 Antoniani
1334 4681 1360 4730 et
1371 4673 1521 4748 flaminica
1543 4669 1597 4745 (ib.
1618 4685 1640 4726 t·
1654 4665 1676 4734 3,

370 4761 398 4818 5.
415 4761 459 4836 l),
481 4763 620 4822 Thermis
642 4783 697 4824 ara
717 4769 785 4842 imp.
804 4764 886 4826 Caes.
910 4764 1013 4843 (Au'p.)
1037 4777 1063 4827 et
1082 4765 1193 4844 lul(ioe
1206 4769 1369 4848 Augustae)
1390 4769 1605 4847 matri(s)'imp.
1621 4767 1676 4827 oae-
1758 4817 1759 4864 ἰ

370 4858 461 4934 (satis
482 4861 590 4920 Tiberii
603 4863 723 4943 calepi)
735 4909 739 4916 ·
751 4865 807 4941 (ib.
831 4868 867 4938 4,
884 4866 933 4944 5),
960 4867 1084 4928 Melitae
1102 4864 1205 4931 inustis
1223 4863 1367 4939 ‘Panaima
1387 4860 1605 4948 depraedatione
1622 4861 1677 4939 θεῷ

368 4948 530 5036 Αὐγούστῳ
552 4959 601 5037 (O.
617 4963 642 5022 I.
657 4955 711 5024 Gr.
734 4986 762 5026 n.
779 4968 890 5044 5754),
917 4968 1045 5047 denique
1069 4969 1102 5029 in
1127 4969 1230 5031 insule
1250 4969 1345 5032 Gauii
1362 4973 1469 5048 flama
1486 4975 1577 5047 gentis
1597 4967 1675 5026 ludit

370 5061 485 5134 eiusque
505 5067 730 5125 accrescendae
750 5067 920 5143 Anpastalis
941 5068 1051 5144 (Orell.
1067 5069 1153 5146 618),
1175 5091 1213 5132 ne
1234 5072 1417 5150 provinciam
1439 5071 1556 5150 quidem
1574 5081 1674 5129 omnem

370 5175 389 5216 e
410 5158 493 5219 cuitu
514 5159 620 5220 domus
642 5165 799 5243 Augustae
820 5169 1000 5228 abstinuisse
1020 5169 1164 5232 credibile
1184 5181 1239 5232 cst.

454 5259 484 5318 5.
528 5257 702 5324 Saunnuar
722 5269 912 5330 eacadcmlcs
932 5269 1122 5348 reperiuntur
1143 5272 1174 5330 in
1188 5269 1306 5332 duabus
1320 5273 1410 5334 iuscr.
1424 5273 1548 5334 Hersen
1563 5267 1643 5332 5969.
