3568 6070
634 667 801 762 uvuniua
820 681 1060 736 cenaverunt.
1439 675 1508 744 189

179 774 402 784 w...

186 864 187 868 ¹
264 847 356 904 Anno
373 847 411 905 69
435 865 494 923 quo
516 850 607 908 modo
629 871 647 908 a
669 853 797 930 singulis
818 853 1047 930 imperatoribus
1069 858 1221 918 distributi
1243 859 1303 918 sint
1323 865 1509 936 consulatus,

178 945 215 1004 de
242 966 279 1010 ea
305 968 346 1014 re¹
364 958 394 1006 et
416 969 525 1030 magna
544 951 622 1010 inter
642 953 724 1011 viros
746 953 851 1014 doctos
872 956 1020 1016 dissensio
1042 954 1128 1035 est¹)
1154 969 1184 1018 et
1204 961 1347 1021 iudicium
1369 965 1508 1023 difficilli-

178 1065 270 1106 mum.
315 1047 416 1121 Quare
441 1069 508 1110 oum
537 1053 617 1128 quod
642 1055 731 1129 plane
758 1055 942 1116 satisfaceret
967 1078 1003 1117 ue
1026 1060 1097 1118 mihi
1119 1062 1237 1137 quidem
1259 1065 1415 1123 enucleare
1438 1084 1506 1124 eon-

177 1147 306 1224 tigisset‚
329 1152 468 1239 consului
487 1153 715 1226 Mommseuum,
737 1157 789 1230 qui
811 1175 888 1232 quae
909 1179 964 1234 pro
987 1177 1044 1240 sua
1066 1169 1095 1218 et
1115 1163 1299 1224 humanitate
1321 1174 1350 1224 et
1371 1167 1508 1226 doctrina

177 1249 251 1307 mihi
273 1252 438 1329 rescripsit,
461 1254 589 1314 subieci:

261 1349 316 1409 ‘De
332 1354 512 1414 oonsulibus
534 1373 561 1414 a.
579 1355 617 1414 69
639 1358 777 1434 quaestio
799 1359 960 1419 admodum
982 1364 1128 1438 perplexa
1148 1363 1229 1423 haud
1251 1367 1313 1425 scio
1332 1387 1370 1425 an
1385 1369 1507 1428 omnino

177 1451 221 1510 ita
242 1453 320 1511 solvi
342 1464 479 1530 nequeat,
502 1465 533 1513 ut
555 1457 702 1518 dubitatio
724 1459 807 1518 nulla
828 1463 973 1538 supersit3
996 1483 1073 1539 quae
1094 1484 1161 1524 mea
1175 1467 1233 1524 lert
1247 1467 1357 1544 opinio,
1377 1469 1436 1527 iam
1453 1489 1506 1529 ex-

176 1571 297 1628 ponam.

261 1652 435 1730 Neronem,
463 1659 514 1734 qui
541 1660 616 1718 obiit
642 1680 669 1719 a.
687 1661 725 1720 68
748 1663 795 1720 die
817 1663 885 1722 Iun.
902 1664 935 1737 9,
963 1667 1101 1724 consules
1127 1687 1187 1726 non
1214 1669 1309 1727 solam
1338 1647 1506 1732 ordinarios

177 1756 231 1814 sed
258 1757 348 1816 etiam
376 1759 517 1818 suffectos
532 1761 609 1820 sive
630 1764 661 1820 in
683 1772 777 1821 totum
800 1783 909 1824 anuum
932 1776 1104 1840 sequentem
1127 1770 1191 1827 sive
1213 1769 1251 1826 ad
1273 1769 1351 1828 diem
1374 1771 1530 1848 aliquam·

177 1857 386 1936 designavisse
413 1861 564 1937 colligitur
590 1881 629 1920 ex
656 1865 826 1923 narratione
848 1865 1002 1943 Plutarchi
1022 1867 1128 1927 Oth.l
1155 1877 1184 1927 et
1205 1861 1302 1929 Taciti
1325 1871 1395 1930 hist.
1414 1875 1440 1944 l,
1456 1874 1505 1933 79.

177 1956 344 2018 Consulum
372 1961 415 2019 ita
439 1982 457 2020 a
480 1945 600 2022 Nerone
621 1965 928 2048 factorumflnovimus
950 1987 1041 2026 unum
1064 1969 1176 2042 solum,
1200 1967 1379 2047 Cingonium
1393 1973 1506 2032 Varro-

176 2079 243 2118 nem
269 2061 356 2120 iussu
379 2061 495 2122 Galbae
522 2045 718 2124 interfectum¹
738 2067 891 2124 consulem
917 2067 1103 2146 designatum
1132 2089 1159 2128 a.
1182 2071 1220 2130 68
1248 2080 1383 2132 extremo
1413 2075 1504 2150 (Tac.

177 2161 245 2218 hist.
264 2163 325 2234 1,6
348 2163 385 2222 of.
403 2164 457 2236 373
480 2165 634 2224 Plutarch.
655 2165 743 2226 Galb.
763 2168 894 2244 14.15);
917 2177 1072 2254 praeterea
1086 2168 1216 2231 Galbam
1236 2175 1396 2234 retinuisse
1418 2195 1506 2252 quos-

175 2261 245 2320 dam
268 2281 287 2320 a
308 2263 430 2323 Nerone
452 2267 548 2326 factos
572 2268 709 2340 traditur,
731 2270 852 2327 nomina
873 2289 932 2326 non
955 2271 1120 2330 traduntur.
1219 2283 1221 2288 '

257 2360 369 2423 ‘Galba'
397 2367 469 2442 quid
502 2368 666 2428 decreverit
693 2369 730 2428 de
757 2370 933 2429 consulibus
964 2390 982 2428 a
1011 2371 1132 2432 Nerone
1159 2374 1190 2431 in
1220 2394 1246 2432 a.
1270 2375 1308 2433 69
1340 2377 1505 2455 designatis

175 2483 289 2540 quosve
315 2467 455 2526 consules
481 2468 547 2544 ipse
574 2470 789 2548 designaverit,
819 2471 966 2534 aTacito
989 2492 1048 2530 non
1070 2473 1173 2532 referri
1195 2485 1427 2536 consentaneum
1448 2487 1505 2550 est,

174 2565 291 2643 quippe·
315 2567 366 2642 qui
392 2569 509 2628 initium
537 2572 678 2630 narrandi
704 2573 795 2630 saciat
816 2573 854 2629 ab
875 2593 903 2631 a.
925 2574 1043 2632 demum
1067 2575 1115 2633 69.
1159 2575 1227 2633 Hoc
1249 2584 1367 2636 constat
1388 2578 1505 2638 ordina·

174 2666 251 2725 rium
277 2665 376 2744 ipsum
406 2673 593 2746 processisse
614 2692 680 2731 eum
703 2673 739 2731 T.
756 2673 853 2731 Vinio.
897 2674 1060 2732 Praeterea
1087 2676 1261 2736 consulatus
1283 2677 1348 2735 eius
1371 2679 1441 2736 anni
1463 2679 1506 2737 ita

175 2787 241 2825 eum
269 2771 473 2841 ordinavisse,
503 2780 537 2830 ut
558 2773 634 2832 alios
656 2774 797 2832 retineret
818 2773 904 2833 datos
927 2794 946 2832 a
967 2775 1104 2848 Nerone,
1132 2777 1209 2835 alios
1232 2785 1283 2836 aut
1304 2787 1432 2839 mutaret
1454 2789 1506 2838 aut

175 2869 306 2942 adderet,
328 2872 407 2932 infra
428 2873 693 2932 demonstrabitur.
945 2875 948 2881 ’

177 3062 381 3072 ——-.—

251 3210 275 3272 ¹)
303 3211 462 3276 Borghesius
487 3210 572 3274 (Ball.
595 3207 654 3264 dett
676 3215 734 3264 t'ntt.
756 3214 829 3266 'aruh
851 3217 922 3268 1835
942 3219 999 3281 p.4
1020 3237 1053 3260 =
1073 3221 1164 3283 opp.3
1184 3235 1209 3282 p.
1229 3218 1296 3281 5353
1315 3220 1384 3283 apud
1408 3219 1504 3272 Miner·

176 3303 274 3352 vinium
301 3301 386 3353 Tettio
413 3301 491 3354 Casta
513 3321 538 3368 p.
558 3303 607 3365 25)
637 3320 670 3355 ex
693 3309 805 3356 narratis
830 3322 846 3357 a
870 3302 963 3358 Tacito
989 3301 1097 3374 collegit
1115 3324 1161 3373 per
1185 3315 1323 3374 quaternos
1346 3323 1447 3360 menses
1471 3312 1504 3361 ab

176 3395 250 3444 initio
274 3409 371 3446 annum
381 3397 420 3447 69
445 3383 610 3446 distributum
633 3397 725 3455 fuisse,
750 3399 788 3447 ita
811 3405 840 3448 ut
858 3398 948 3449 Galba
967 3405 993 3448 et
1011 3400 1105 3449 Vinius
1126 3399 1160 3448 ad
1178 3398 1303 3448 kalendas
1321 3413 1401 3463 usque
1419 3400 1505 3451 Maias

175 3483 257 3536 fasces
275 3494 406 3552 gererent,
426 3481 544 3538 kalendis
562 3487 641 3538 Maiis
660 3489 712 3538 dno
732 3489 832 3550 Sabini,
854 3489 972 3540 kalendis
991 3489 1184 3554 Septembribus
1203 3489 1353 3538 Antoninus
1371 3496 1397 3538 et
1415 3489 1505 3541 Celsus

176 3578 283 3628 inirent:
303 3573 435 3630 Othonem
454 3579 547 3628 deinde
565 3579 632 3629 nihil
650 3595 759 3630 novasse
778 3581 828 3630 nisi
848 3579 917 3644 quod
935 3580 1076 3629 interfectis
1095 3579 1242 3629 consulibus
1261 3579 1400 3629 ordinariis
1418 3581 1446 3630 in
1464 3597 1504 3630 re·

174 3669 272 3733 liquam
300 3675 400 3734 tempus
428 3685 518 3720 eorum
544 3672 600 3742 ipsa
626 3648 684 3722 cum
708 3671 788 3721 fratre
813 3671 974 3731 succederet,
1000 3685 1100 3719 menses
1123 3675 1210 3719 autem
1235 3669 1300 3718 duos
1325 3676 1358 3718 'ex
1385 3677 1506 3734 quattuor

175 3760 265 3811 Caelio
286 3768 311 3810 et
328 3761 420 3812 Flavio
439 3762 574 3812 destinatis
586 3763 711 3827 Verginio
731 3769 756 3812 et
768 3763 882 3826 Vopisco
901 3762 1059 3822 attribueret,
1078 3760 1123 3810 ita'
1135 3767 1163 3809 ut
1180 3761 1208 3810 hi
1227 3760 1345 3810 kalendis
1358 3761 1446 3822 Maiis,
1466 3761 1505 3811 illi

175 3853 249 3902 Iuliis
268 3853 372 3914 inirent,
393 3854 541 3903 Antoninus
560 3854 671 3919 denique
690 3860 715 3902 et
734 3853 822 3904 Celsus
840 3853 958 3902 kalendis
971 3851 1164 3915 Septembribus
1181 3852 1265 3902 iasces
1283 3853 1436 3916 acciperent.
1468 3853 1506 3902 At

174 3945 290 4008 neglexit
308 3945 347 3994 vir
366 3945 456 3995 doctus
475 3945 545 4010 quod
564 3947 601 3995 ait
614 3946 719 3996 Tacitus
738 3946 766 3993 in
777 3944 903 3994 kalendas
915 3943 1024 3994 Martias
1037 3941 1166 3993 Othonem
1180 3943 1310 3992 consulem
1324 3944 1421 3993 iactum
1435 3957 1503 3994 esse:

175 4036 203 4085 id
228 4036 298 4100 quod
321 4037 476 4086 confirmant
498 4043 558 4086 acta
574 4036 712 4086 Arvalium
730 4050 819 4085 reeens
838 4035 944 4096 effossa,
968 4048 1034 4098 quae
1052 4033 1170 4083 kalendis
1188 4033 1292 4083 Martiis
1308 4033 1460 4098 Verginium
1480 4039 1505 4084 et

175 4127 318 4191 Vopiscum
337 4129 454 4178 consules
473 4127 616 4202 upmiuant.
645 4127 737 4178 'Verba
755 4133 841 4176 autem
861 4125 946 4176 Taciti
965 4140 1031 4190 quae
1050 4130 1108 4174 sunt
1126 4124 1153 4172 itt
1172 4121 1297 4172 kalendas
1314 4121 1428 4172 Martias
1446 4140 1505 4174 cum

174 4219 252 4267 finem
275 4218 391 4268 iudicare
414 4219 526 4269 debeant
549 4218 696 4270 consulatus
715 4217 825 4268 Othonis
850 4217 1006 4277 arridani,
1031 4215 1066 4266 ad
1088 4215 1167 4264 finem
1189 4214 1364 4264 nundinorum
1381 4215 1444 4263 item
1463 4230 1503 4264 re-

174 4309 282 4360 ferenda
306 4315 366 4359 sunt
383 4311 463 4360 verba
485 4323 552 4375 quae
576 4315 715 4374 sequuntur
738 4307 766 4356 t'n
784 4305 908 4358 kalendas
926 4305 1011 4357 Iulias
1033 4313 1059 4356 et
1077 4303 1239 4372 Septembres.
1276 4305 1317 4355 De
1339 4319 1391 4370 qua
1407 4319 1436 4354 re
1455 4307 1504 4356 etsi

175 4400 271 4466 ambigi
293 4407 396 4465 poterat
418 4409 477 4451 ante
500 4415 589 4450 recens
612 4404 714 4462 reperta
737 4405 797 4449 acta
815 4399 965 4460 Arvalium,
991 4413 1058 4448 nune
1079 4397 1207 4447 dubitatio
1227 4397 1311 4446 omnis
1330 4396 1431 4446 sublata
1455 4401 1502 4458 est,

175 4507 233 4541 eum
257 4492 375 4542 (laelium
400 4498 425 4542 et
448 4492 567 4542 Flavium
592 4490 671 4540 etiam
695 4490 779 4554 pridie
803 4489 927 4540 kalendas
951 4489 1038 4539 Maias
1062 4489 1177 4552 legamus
1202 4487 1318 4538 eonsules
1341 4486 1429 4536 inisse.
1471 4487 1504 4536 Id

175 4589 244 4632 recte
262 4583 363 4633 notant
381 4583 504 4634 Stobbius
524 4581 685 4645 (Philologus
704 4581 808 4641 XXXI,
824 4581 839 4630 2
859 4595 885 4644 p.
900 4579 972 4642 267),
993 4579 1082 4650 quiin
1101 4578 1193 4628 ceteris
1211 4575 1384 4640 Borghesium
1403 4582 1504 4627 secutus

175 4689 276 4725 meuses
293 4674 418 4724 Martium
437 4679 462 4722 et
480 4673 599 4736 Aprilem
617 4672 741 4736 Verginio
766 4678 792 4720 et
809 4671 950 4735 Pompeio,
974 4684 1075 4720 menses
1093 4669 1193 4718 Maium
1212 4669 1315 4718 Iunium
1334 4669 1429 4718 Iuliam
1448 4669 1503 4718 Au·

175 4772 277 4829 gustum
296 4765 401 4818 Sabinis
420 4765 518 4830 tribuit.
556 4764 641 4814 Alite'r
658 4763 740 4813 fastos
758 4762 834 4812 huius
853 4763 914 4812 anni
934 4761 1063 4810 ordinavit
1080 4758 1224 4810 Urlichsius
1244 4757 1287 4818 (de
1306 4759 1360 4809 vita
1378 4765 1403 4809 et
1421 4759 1503 4809 hono-

176 4856 247 4906 ribus
270 4855 411 4920 Agricolaa
437 4855 507 4906 1868
532 4871 557 4919 p.
577 4855 620 4904 26.
640 4854 690 4915 27)
721 4859 834 4903 statuens
859 4852 970 4904 Galbam
996 4856 1117 4915 quattuor
1140 4850 1270 4900 mensibus
1294 4850 1343 4900 sibi
1366 4851 1504 4900 reservatis

177 4954 275 4996 ceteros
297 4947 382 4996 fasces
403 4945 505 4996 dedisse
528 4946 556 4995 in
579 4946 653 4996 binos
676 4959 788 5005 menses,
817 4943 947 4995 Othonem
971 4941 1157 5006 quadrimestre
1181 4940 1282 4991 Galbae
1305 4940 1449 4991 nundmum
1476 4941 1504 4990 in

178 5039 229 5087 duo
248 5037 367 5088 tlivmisse
385 5037 501 5088 nundina
519 5035 664 5098 bimestris,
684 5017 821 5087 Vitellium
843 5034 953 5099 denique
972 5032 1086 5098 expulsis
1105 5031 1204 5084 Galbae
1224 5031 1368 5082 candidatis
1386 5032 1504 5096 Septem·

177 5129 250 5178 brem
274 5135 300 5178 et
317 5127 457 5180 Octobrem
475 5127 603 5194 Caecinae
626 5142 657 5178 ac
670 5127 775 5178 Valenti
798 5126 912 5186 dedisse,
936 5125 1037 5175 Marcio
1061 5128 1147 5173 autem
1164 5123 1256 5174 Macro
1273 5122 1418 5188 ¹Caecilium
1436 5122 1504 5175 Sim-

178 5220 271 5284 plicem
293 5220 461 5270 substituisse.
498 5220 537 5270 At
559 5219 717 5284 ingeniosius
741 5232 818 5283 quam
842 5217 927 5268 verius
949 5216 989 5265 vir
1012 5215 1102 5265 doctus
1119 5214 1200 5266 verba
1222 5229 1288 5280 quae
1311 5219 1370 5265 sunt
1395 5212 1506 5265 coartati

180 5310 323 5362 conmlatcs
341 5325 394 5362 non
413 5311 447 5362 ad
466 5315 592 5377 tempora,
612 5311 658 5362 sed
677 5309 710 5362 ad
729 5323 863 5362 numerum
882 5307 1079 5360 candidatorum
1097 5305 1183 5357 reiert.
