3568 6070
325 595 396 666 198
913 607 1059 660 naaznu

321 785 460 862 Denique
486 781 566 860 quod
593 781 697 840 scribit
716 777 909 856 Lampridius
936 779 1012 856 (vita
1034 779 1121 838 Alex.
1144 779 1198 855 43)
1223 781 1352 839 candiae
1373 789 1467 839 omero
1494 799 1528 840 er
1552 783 1657 839 ordine

321 887 489 948 instituisse
511 882 655 945 Severum
676 882 899 955 Alexandrum,
926 881 1145 940 Brambacbiua
1170 882 1218 957 (p.
1235 881 1289 958 17)
1315 881 1357 940 ita
1382 881 1515 957 explicat
1539 882 1655 940 collato

321 990 388 1048 loeo
397 987 519 1058 Dionis,
533 984 667 1046 nundina
677 991 779 1044 vetera
792 982 947 1044 bimestria
960 1000 1028 1042 esse
1043 982 1180 1042 instituta
1192 981 1356 1042 seeundum
1366 983 1466 1060 ipsum
1477 1002 1495 1042 a
1506 981 1654 1055 Traiane,

321 1090 440 1150 turbata
464 1097 563 1148 autem
590 1105 609 1146 a
630 1085 795 1146 Commodo
816 1084 1105 1162 imperatoribusque
1126 1084 1355 1161 posterioribus.
1396 1085 1480 1144 Idem
1502 1085 1654 1163 proximis

321 1200 391 1269 post
405 1188 613 1250 Alexandrum
630 1187 814 1264 temporibus
829 1187 988 1263 quicquam
1004 1195 1146 1245 novatum
1163 1204 1228 1246 ease
1242 1193 1342 1263 negat,
1362 1196 1522 1264 eapropter
1536 1195 1653 1246 tantum

322 1295 353 1352 ni
367 1293 466 1362 fallor,
481 1289 561 1367 quod
576 1289 617 1367 de
626 1289 714 1348 lastis
728 1298 895 1366 temporum
909 1307 986 1365 quae
1001 1287 1139 1365 proxime
1153 1296 1319 1362 sequuntur
1332 1294 1460 1346 aetatem
1472 1287 1654 1358 Alexandri,

323 1393 529 1455 nihilomnino
540 1391 689 1450 novimus.
714 1389 934 1450 Documentum
946 1399 1045 1448 autem
1057 1389 1138 1465 qnod
1149 1388 1186 1446 de
1196 1389 1284 1448 fastis
1298 1391 1408 1448 saeculi
1422 1390 1502 1448 tertii
1513 1397 1654 1466 superest

322 1514 383 1554 non
404 1503 466 1554 tam
488 1491 662 1570 primarium
679 1509 768 1568 quam
784 1493 904 1550 unicum
918 1499 949 1550 et
961 1497 1117 1568 praeterea
1130 1491 1329 1563 notissimum,
1351 1510 1533 1568 quamquam
1547 1491 1653 1550 neseio

321 1616 382 1674 quo
405 1594 494 1655 modo
508 1593 740 1654 Brambachium
761 1593 847 1669 fugit,
869 1592 1017 1651 fastorum
1033 1590 1216 1654 Galenorum
1236 1592 1434 1669 fragmentum
1456 1593 1495 1670 (I.
1511 1591 1550 1652 N.
1566 1592 1651 1652 3946

324 1725 361 1750 =
378 1697 432 1758 Or.
447 1696 572 1756 Henzen
587 1695 682 1771 6447)
704 1695 856 1774 pertinens
871 1694 910 1754 ad
926 1713 1036 1752 annum
1051 1693 1122 1766 289,
1140 1712 1207 1752 enm
1228 1702 1371 1770 quattuor
1390 1702 1545 1754 recenseat
1564 1695 1655 1772 paria
1739 1713 1743 1722 ’

322 1801 490 1872 consulum,
512 1815 723 1873 nonnunquam
744 1803 824 1857 certe
845 1813 881 1854 ea
902 1804 1000 1854 aetate
1021 1796 1154 1854 nundina
1166 1795 1260 1856 fuisse
1276 1796 1408 1856 declarat
1421 1796 1546 1873 singulis
1561 1797 1653 1854 annis

322 1912 477 1980 quaterna.
525 1898 585 1960 Sed
611 1917 671 1958 non
698 1897 894 1974 aequabiliter
919 1897 950 1956 in
975 1906 1077 1974 partes
1103 1905 1245 1973 quattuor
1270 1917 1383 1958 annum
1407 1898 1493 1958 illum
1519 1899 1653 1959 divisum

323 2021 392 2064 csse
417 2001 548 2079 epistula
572 2001 757 2060 demonstrat
781 1998 886 2058 eodem
912 2017 991 2058 auno
1017 2017 1036 2057 a
1061 1998 1306 2074 quindecimviris
1327 1999 1421 2059 sacris
1441 2000 1590 2060 faciundis
1611 2000 1652 2058 ad

323 2104 476 2167 Cumanos
497 2103 591 2164 missa
612 2101 651 2178 (1.
666 2100 707 2160 N.
724 2100 804 2160 2558
822 2124 859 2150 =
877 2099 929 2160 Or.
947 2099 1058 2176 2263);
1080 2100 1122 2159 ibi
1143 2101 1222 2160 enim
1243 2101 1294 2178 qui
1316 2121 1344 2161 a.
1367 2102 1396 2160 d.
1411 2101 1487 2161 XVI
1502 2101 1652 2161 kalendas

321 2205 512 2284 Septembres
538 2203 677 2264 eonsules
706 2202 896 2262 nominantur
924 2201 965 2260 M.
990 2201 1136 2264 Umbrica
1160 2202 1282 2262 Primus
1309 2212 1339 2261 et
1360 2203 1397 2262 Τ.
1425 2201 1549 2262 Flavium
1572 2202 1653 2263 Goe-

321 2309 421 2369 lianus
447 2306 479 2364 in
503 2305 592 2365 fastis
614 2301 738 2364 Galeris
765 2303 927 2363 secundum
955 2303 1120 2362 nundinum
1146 2304 1281 2364 obtinent
1308 2303 1359 2380 (cf.
1386 2305 1423 2363 de
1444 2304 1536 2364 Rossi
1556 2306 1653 2364 inser.

322 2409 424 2470 christ.
442 2410 457 2466 1
481 2427 511 2486 p.
525 2405 602 2483 XV)
625 2424 679 2464 nec
699 2405 855 2484 probabile
876 2411 924 2464 est
944 2405 975 2464 in
998 2405 1093 2464 altero
1114 2411 1181 2464 utro
1200 2406 1379 2466 documento
1394 2425 1525 2466 errorem
1537 2407 1652 2468 inesse.

322 2509 470 2570 Videntur
482 2508 575 2586 igitur
596 2525 674 2566 anno
690 2505 750 2566 289
769 2505 903 2565 nundina
917 2504 975 2565 duo
990 2505 1092 2584 priora
1106 2506 1335 2584 quadrimestria
1348 2507 1453 2578 fuisse,
1474 2507 1533 2568 duo
1547 2515 1654 2585 poste·

322 2614 404 2673 riora
428 2628 488 2670 non
514 2610 600 2680 item3
626 2609 701 2668 haec
727 2615 827 2666 utrum
853 2607 1009 2667 bimestria
1034 2607 1147 2667 luerint
1171 2627 1210 2668 an
1230 2615 1353 2687 propter
1373 2627 1495 2669 causam
1516 2611 1653 2688 aliquam

323 2715 456 2794 ignotam
476 2710 652 2770 consulibus
673 2708 799 2769 nundini
821 2709 901 2769 tertii
921 2709 1094 2768 consulibus
1115 2710 1169 2769 alii
1188 2718 1276 2770 extra
1295 2711 1429 2771 ordinem
1444 2711 1562 2770 suffecti
1577 2713 1652 2786 sint,

323 2833 384 2876 non
408 2815 512 2891 liquet.
554 2810 735 2890 Legitimum
760 2819 859 2870 autem
885 2809 1095 2870 consulatuum
1122 2812 1189 2870 eius
1214 2812 1321 2872 aetatis
1342 2821 1465 2890 tempus
1489 2816 1652 2890 quominus

323 2923 388 2976 tuto
409 2913 587 2990 colligamus
608 2932 647 2972 ex
667 2911 754 2972 tastis
769 2910 903 2984 celenis,
923 2913 1048 2990 impedit
1063 2913 1179 2990 pagina
1199 2931 1303 2973 eorum
1324 2915 1421 2974 altera
1433 2917 1571 2992 quamvis
1586 2937 1654 2976 mu·

323 3017 378 3076 tila
399 3025 428 3076 et
450 3015 528 3076 male
549 3014 711 3090 descripta,
721 3031 811 3090 quae
833 3014 898 3073 dies
921 3015 1073 3074 contineat
1093 3015 1302 3075 consulatuum
1321 3015 1463 3076 initorum
1478 3036 1544 3076 cum
1558 3019 1653 3080 fastis

323 3118 394 3178 anni
408 3117 468 3177 289
495 3134 557 3176 non
579 3116 654 3175 satis
675 3115 894 3176 convenientes.
938 3115 1006 3175 Hoc
1028 3133 1101 3175 saue
1122 3116 1284 3176 ostendunt
1304 3117 1496 3178 suffectorum
1517 3121 1653 3194 uomina,

322 3235 502 3297 quamquam
517 3217 556 3275 ad
569 3235 679 3276 annum
700 3216 891 3277 indicandum
905 3217 966 3276 iam
980 3235 1018 3277 ne
1032 3217 1150 3294 publice
1164 3218 1283 3294 quidem
1298 3218 1526 3293 adhibebantur,
1547 3229 1652 3281 tamen

321 3322 371 3381 vel
391 3339 428 3379 ea
448 3327 545 3379 aetate
564 3319 596 3381 in
617 3326 686 3378 acta
708 3319 831 3396 publica
851 3318 947 3379 relata
966 3336 1046 3379 esse:
1071 3337 1133 3396 qua
1153 3319 1190 3379 de
1211 3339 1244 3378 re
1266 3320 1329 3380 siue
1350 3321 1432 3380 iusta
1452 3339 1544 3382 causa
1563 3323 1652 3382 dubi-

322 3423 397 3484 tavit
409 3420 628 3481 Brambacbius
647 3418 691 3496 (p.
705 3417 769 3497 20).
799 3418 867 3494 Qua
881 3427 981 3482 autem
995 3421 1111 3480 ratione
1124 3421 1238 3480 iactum
1252 3421 1301 3496 sit,
1323 3429 1356 3482 ut
1369 3423 1512 3499 temporis
1527 3425 1653 3484 notandi
1725 3436 1729 3444 '

322 3541 415 3584 causa
439 3521 630 3581 suffectorum
655 3522 778 3582 nomina
802 3523 1002 3582 monumentis
1028 3522 1157 3600 amplius
1178 3541 1238 3582 non
1259 3523 1501 3598 inscriberentur,
1527 3524 1560 3583 id
1581 3527 1653 3586 loco

321 3626 411 3686 modo
432 3623 524 3684 citato
544 3623 687 3706 exposuit
705 3623 845 3684 Roscius.

405 3723 493 3799 Quae
518 3725 556 3784 de
581 3725 714 3803 priorum
741 3725 930 3786 saeculorum
952 3743 1040 3786 aerae
1060 3733 1183 3786 nostrae
1203 3725 1344 3787 nundinia
1366 3728 1576 3790 consularibus
1599 3749 1655 3790 ex·

321 3825 489 3905 posuimus,
510 3844 570 3902 quo
591 3826 700 3887 melius
721 3817 836 3887 murata
856 3845 960 3888 eorum
981 3827 1058 3888 ratio
1079 3838 1232 3907 appareat,
1253 3829 1355 3890 tabula
1375 3829 1528 3907 complexi
1546 3848 1656 3891 snmus

322 3927 499 4004 subscripta.
