3654 6072
349 624 396 698 62
703 601 709 608 ’
921 637 1103 694 nomisma

348 817 491 878 debuerit.
535 812 727 891 Quapropter
752 812 826 872 mibi
852 818 970 872 constat
995 811 1156 870 Aemiliam
1178 810 1324 890 Lepidam
1348 820 1523 889 proneptem
1545 813 1681 892 Augusti

347 938 373 980 c.
393 937 421 978 a.
437 915 497 976 766
525 913 666 991 nupsisse
693 914 734 972 M.
763 911 868 974 Silano
895 913 934 970 Μ.
964 912 986 971 f.
1009 913 1037 970 ei
1064 913 1116 988 qni
1143 912 1242 972 fasces
1269 919 1340 990 post
1369 914 1546 973 sexennium
1573 915 1680 991 gessit,

348 1020 435 1080 cuius
456 1017 637 1076 obscuritate
656 1016 755 1091 ipsam
777 1014 952 1073 affinitatem
973 1031 1039 1074 eam
1061 1014 1250 1072 obscuratam
1273 1031 1341 1072 esse
1363 1014 1472 1072 mirum
1492 1035 1555 1074 non
1576 1022 1634 1074 est.

299 1195 304 1202 ,
430 1118 625 1180 Procedimus
639 1115 677 1173 ad
692 1122 827 1193 tempora
841 1113 963 1174 Claudii
977 1113 1178 1190 Neronisque,
1195 1114 1232 1174 de
1247 1133 1373 1192 quorum
1388 1113 1500 1176 Silanis
1514 1115 1548 1174 in
1562 1133 1682 1178 summa

348 1241 381 1284 re
402 1229 483 1281 recte
503 1218 668 1294 disputavit
683 1216 876 1293 Borghesius.
912 1216 1096 1275 Floruerunt
1116 1234 1152 1273 ea
1173 1225 1271 1274 aetate
1293 1218 1456 1292 abnepotes
1471 1217 1605 1295 Augusti
1626 1216 1682 1276 lilii

347 1324 391 1382 M.
413 1321 510 1383 Silani
523 1320 565 1378 ld
586 1319 608 1378 f.
630 1327 660 1376 et
680 1318 827 1376 Aemiliae
840 1317 984 1393 Lepidae,
1005 1317 1042 1374 de
1063 1317 1172 1392 quibus
1194 1334 1271 1391 quae
1293 1316 1419 1375 dicenda
1439 1323 1510 1376 sunt
1530 1317 1575 1376 ita
1594 1335 1681 1375 enar-

349 1423 494 1494 rabimus,
515 1427 550 1478 ut
570 1428 641 1478 nota
661 1428 691 1478 et
712 1425 795 1477 certa
816 1436 870 1495 per
891 1417 1019 1476 indicem
1039 1417 1244 1476 tantummodo
1263 1424 1446 1493 repetantur.

436 1525 463 1582 1.
505 1521 550 1580 Μ.
565 1521 667 1578 lanios
682 1519 813 1590 Silanos,
834 1536 924 1594 quem
945 1517 1074 1576 filiorum
1096 1518 1202 1576 horum
1223 1519 1455 1594 primogenitum
1475 1519 1605 1578 vidimus
1627 1537 1683 1578 na-

349 1636 413 1686 tum
435 1641 502 1683 esse
514 1621 584 1681 vivo
606 1622 759 1679 etiamtum
773 1621 914 1695 Augusto
936 1637 963 1676 a.
979 1637 1007 1694 p.
1025 1616 1096 1677 Chr.
1116 1620 1163 1692 14,
1185 1619 1319 1696 abnepos
1333 1619 1466 1698 Augusti
1485 1620 1583 1679 dictus
1600 1621 1684 1698 apud

279 1772 281 1776 -
349 1727 484 1786 Plinium
510 1723 552 1800 (v.
578 1743 607 1800 p.
625 1721 678 1797 58)
705 1730 735 1779 et
756 1713 894 1780 Tacitum
920 1738 989 1780 ann.
1014 1721 1061 1791 13,
1084 1721 1115 1791 l,
1143 1720 1182 1780 ad
1206 1721 1395 1780 consulatum
1423 1721 1560 1798 pervenit
1584 1741 1612 1780 a.
1629 1721 1683 1794 46,

350 1845 466 1886 veneno
488 1823 626 1884 sublatus
647 1831 695 1882 est
714 1821 878 1899 proconsul
892 1821 985 1880 Asiae
1006 1821 1038 1878 in
1059 1822 1127 1896 ipso
1148 1820 1294 1897 principio
1309 1821 1427 1899 imperii
1442 1821 1574 1882 Neronis
1596 1843 1624 1882 a.
1641 1824 1684 1882 54

351 1928 445 2006 (Plin.
467 1927 488 1986 l.
508 1945 549 1996 c.;
572 1924 646 1983 Tac.
672 1943 741 1982 ann.
765 1923 812 1994 13,
836 1923 866 1994 l;
893 1921 956 1980 Dio
978 1921 1033 1994 61,
1049 1921 1082 1988 6;
1105 1921 1253 1998 Borghesi
1278 1923 1299 1981 1.
1318 1941 1345 1981 c.
1366 1943 1397 2000 p.
1415 1922 1498 2000 192).
1541 1924 1684 1983 Eundem

350 2029 446 2090 videri
469 2025 605 2102 intellegi
630 2026 662 2084 in
685 2024 821 2102 Digestis
846 2023 894 2096 16,
918 2027 944 2096 1,
965 2021 994 2095 2,
1017 2025 1032 2082 1
1060 2024 1220 2083 observavi
1240 2023 1272 2082 in
1294 2024 1485 2084 adnotatione
1506 2026 1546 2083 ad
1567 2026 1588 2084 l.
1603 2044 1630 2084 c.
1652 2035 1686 2085 et

350 2131 382 2192 in
402 2129 534 2190 Hermae
555 2127 650 2186 vol.4
672 2141 702 2201 p.
721 2125 789 2184 105.

434 2231 463 2290 2.
505 2229 545 2288 I..
568 2229 671 2288 Iunias
693 2225 830 2296 Silanae,
853 2245 940 2302 quem
962 2226 1142 2302 abnepotem
1163 2226 1295 2303 Augusti
1315 2226 1388 2285 dicit
1409 2224 1524 2287 Seneca
1544 2228 1576 2286 in
1597 2229 1685 2304 Apo-

351 2334 450 2396 theosi
470 2351 496 2392 c.
514 2331 567 2402 10,
593 2329 689 2388 Marci
710 2327 844 2386 consulis
867 2345 895 2386 a.
910 2328 951 2386 46
972 2327 1096 2389 fratrem
1118 2327 1241 2386 Tacitus
1263 2346 1331 2386 nnn.
1350 2325 1444 2401 13,1,
1472 2347 1540 2388 cum
1560 2337 1685 2406 praetor

350 2436 447 2499 sactus
469 2433 509 2492 sit
529 2451 556 2492 a.
572 2430 612 2490 48
636 2428 724 2506 (Tac.
744 2447 813 2488 ann.
831 2426 879 2502 12,
895 2427 930 2504 4)
951 2428 1156 2506 quinquennio
1177 2438 1247 2488 ante
1267 2429 1379 2488 iustum
1395 2436 1516 2506 tempus
1537 2430 1615 2506 (Dio
1631 2431 1683 2505 60,

257 2523 261 2530 ’
352 2539 381 2609 5,
398 2536 467 2612 31),
489 2535 521 2592 id
541 2542 588 2592 est
608 2550 719 2590 anuum
741 2547 833 2606 agens
855 2529 1030 2588 vicesimum
1053 2531 1204 2605 quintam,
1225 2537 1315 2590 natus
1336 2531 1374 2589 sit
1394 2549 1518 2590 necesse
1540 2542 1587 2591 est
1607 2552 1635 2591 a.
1651 2553 1684 2610 p.

352 2636 424 2698 chr.
440 2636 489 2696 23.
533 2632 680 2694 Claudius
708 2631 870 2708 imperator
896 2630 924 2688 ei
949 2631 1109 2710 despondit
1129 2631 1223 2690 filiam
1244 2633 1389 2690 minorem
1411 2631 1569 2691 Octaviam
1591 2653 1684 2708 anno,

352 2748 385 2798 ut
406 2739 449 2798 ait
470 2736 530 2796 Dio
547 2733 597 2806 60,
611 2733 640 2804 5,
661 2751 691 2810 p.
707 2730 779 2792 Chr.
795 2734 846 2804 41,
865 2740 901 2790 ut
921 2733 978 2791 hoc
1000 2733 1121 2791 aeofflat
1142 2731 1181 2790 ad
1202 2733 1333 2793 rationes
1356 2734 1443 2806 alias,
1465 2744 1588 2811 propter
1604 2753 1684 2812 quas

352 2838 500 2900 Octaviae
524 2835 634 2895 natalis
660 2834 699 2892 ad
719 2854 747 2894 a.
762 2832 802 2893 42
824 2833 930 2892 referri
951 2854 1011 2892 non
1033 2841 1133 2910 potest
1159 2833 1212 2909 (ci.
1234 2833 1411 2912 Nipperdey
1424 2836 1471 2894 -ad
1492 2836 1590 2896 Taciti
1612 2857 1683 2897 ann.

355 2941 403 3012 14,
420 2938 484 3015 64),
506 2953 687 3013 quamquem
708 2935 773 2994 sine
795 2935 885 2993 dubio
906 2934 1089 3011 desponsata
1109 2942 1156 2994 est
1169 2935 1269 2992 infans
1284 2935 1450 2996 etiamtum.
1487 2935 1589 2997 Gener
1602 2939 1684 2998 futu*

352 3059 406 3100 rus
426 3037 616 3116 imperatoris
636 3037 668 3094 in
689 3035 840 3112 triumpho
855 3035 1030 3094 Britannico
1051 3054 1080 3094 e.
1095 3037 1135 3096 44
1157 3035 1273 3113 accepit
1293 3047 1467 3097 ornamenta
1487 3040 1686 3116 triumphalia
1812 3053 1813 3068 ¹

352 3161 463 3204 annum
484 3156 576 3216 agens
592 3137 767 3196 vicesimum
788 3137 927 3214 primum,
950 3137 1055 3214 utqui
1077 3155 1146 3196 eum
1167 3156 1203 3195 ea
1225 3138 1378 3213 accepisse
1399 3140 1535 3199 scribunt
1548 3141 1685 3201 nondum

351 3244 494 3320 puberem
523 3237 702 3315 (Suetonius
728 3237 851 3310 01.24;
879 3236 907 3295 ἒν
928 3227 1011 3294 ratri
1038 3237 1099 3296 Dio
1122 3237 1176 3310 60,
1197 3238 1251 3314 31)
1280 3257 1342 3296 rem
1364 3259 1418 3316 per
1437 3259 1471 3300 se
1490 3241 1683 3302 inhonestam

352 3359 553 3420 exaggerasse
579 3338 745 3398 videantur.
789 3337 933 3412 Quodsi
958 3357 1018 3397 non
1043 3346 1194 3412 errarunt,
1222 3339 1344 3400 Silanus
1371 3341 1410 3399 ad
1434 3351 1607 3419 praeturam
1632 3345 1684 3402 ad·

351 3445 464 3506 missus
485 3444 525 3502 sit
546 3459 669 3501 necesse
684 3450 811 3500 estante
826 3459 936 3499 annum
949 3441 1125 3499 vicesimum
1140 3441 1276 3518 quintum
1291 3441 1418 3500 adaucto
1432 3443 1560 3502 sumasne
1574 3455 1685 3521 postea

292 3599 295 3606 .
352 3545 521 3625 privilegi03
549 3562 618 3602 nam
645 3525 759 3600 sivero
780 3560 809 3599 a.
824 3542 864 3600 44
892 3541 1093 3618 septendecim
1114 3542 1176 3600 tere
1198 3560 1293 3602 annos
1315 3551 1402 3602 natus
1423 3544 1495 3616 fuit,
1520 3563 1601 3604 anno
1622 3565 1684 3605 non

351 3647 494 3708 vicesimo
515 3645 630 3721 quinto,
653 3643 707 3702 ssd
727 3643 868 3702 vicesimo
889 3643 988 3718 primo
1007 3643 1105 3702 fasces
1128 3644 1268 3720 suscepit.
1310 3644 1473 3720 Reperitur
1493 3647 1584 3705 etiarn
1605 3649 1685 3707 inter

352 3747 481 3808 Arvales
502 3744 634 3821 (Marini
654 3745 715 3802 tab.
730 3743 806 3819 IX).
849 3742 1064 3820 Vigintiviretu
1084 3743 1208 3803 iunctus
1229 3753 1259 3803 et
1280 3746 1468 3821 praefectura
1488 3749 1573 3806 urbis
1594 3748 1686 3808 feria·

352 3867 418 3907 rum
439 3847 616 3906 Latinarum
639 3844 720 3918 (Dio
743 3844 796 3917 60,
812 3846 851 3920 5)
873 3864 951 3904 auno
971 3845 1026 3916 48,
1054 3854 1088 3904 ut
1113 3845 1262 3918 diximus,
1288 3854 1458 3924 praeturam
1485 3849 1581 3928 gessit
1606 3850 1685 3908 inter

353 3950 435 4008 cives
465 3955 495 4005 et
522 3946 696 4022 peregrinos
727 3945 810 4020 (eam
836 3946 915 4006 enim
946 3946 1131 4022 provinciam
1160 3947 1324 4006 obtinuisse
1351 3943 1478 4024 Eprium
1506 3949 1682 4010 Marcellum
1809 3959 1810 3964 ’

270 4122 273 4126 ,
352 4049 385 4109 in
410 4048 474 4108 eius
500 4047 600 4106 locum
627 4045 782 4105 suffectum
809 4047 941 4106 ostendit
965 4048 1072 4107 titulus
1093 4045 1229 4107 Henzeni
1255 4069 1284 4108 n.
1301 4048 1412 4125 5425);
1439 4059 1471 4108 at
1493 4051 1685 4129 Agrippinae

298 4197 302 4200 -
353 4149 423 4210 dolo
445 4158 476 4208 et
496 4147 675 4224 magistratu
695 4155 726 4206 et
747 4165 860 4224 sponsa
880 4149 1016 4226 privatus
1036 4149 1185 4226 principio
1207 4168 1240 4226 a.
1251 4150 1290 4210 49
1312 4159 1437 4210 mortem
1459 4151 1516 4210 sibi
1532 4153 1598 4227 ipse
1613 4171 1685 4212 con·

352 4252 442 4312 scivit
466 4249 607 4326 (Tacitus
629 4265 699 4307 ann.
724 4247 773 4320 12,
796 4250 823 4308 3.
846 4249 875 4306 4.
899 4251 932 4320 83
960 4247 1214 4310 068ιο6.01866.
1238 4249 1287 4308 27.
1311 4251 1364 4322 29;
1394 4249 1508 4310 Seneca
1528 4253 1631 4329 apoth.
1654 4255 1683 4313 8.

355 4353 402 4412 10.
421 4353 474 4424 11;
502 4357 606 4410 auctor
627 4348 771 4408 Octaviae
794 4369 821 4409 v.
839 4351 922 4426 150).
964 4349 1063 4410 Huius
1084 4360 1133 4410 est
1151 4351 1257 4412 titulus
1278 4343 1398 4410 Atticus
1421 4350 1471 4427 (Ο.
1487 4353 1515 4412 1.
1531 4352 1585 4413 Gr.
1607 4355 1683 4426 3693

350 4449 419 4527 ’Ero
447 4448 519 4536 ἀρχ.
547 4450 649 4526 2305)
678 4471 697 4510 a
722 4450 890 4528 Borghesio
919 4449 961 4526 (l.
985 4469 1011 4510 c.
1039 4469 1069 4526 p.
1087 4453 1166 4528 178)
1192 4453 1271 4511 male
1299 4453 1338 4511 ad
1364 4451 1468 4512 botris
1494 4455 1561 4513 eius
1588 4455 1683 4515 tilium

351 4560 526 4626 revocatus,
559 4571 652 4630 quem·
679 4551 741 4610 iam
772 4569 923 4628 apponam
953 4551 1142 4611 emendatum
1173 4553 1211 4611 ad
1242 4553 1413 4632 exemplum
1445 4564 1603 4631 exceptum
1631 4577 1682 4634 pe·

352 4655 410 4714 rite
437 4655 475 4714 ab
500 4652 605 4713 Ulrico
634 4652 801 4726 Kochlero,
829 4653 902 4712 mihi
930 4659 1031 4712 antem
1056 4654 1315 4713 subministratum
1340 4656 1485 4716 beneficio
1511 4656 1683 4717 Dittenber·

353 4755 417 4833 geri
437 4753 704 4814 Rudolstadeusis:
728 4744 859 4832 [Λεύκιον
877 4745 1009 4832 ’infimae
1029 4745 1148 4838 Μάρκου
1164 4751 1319 4832 irritabat)
1340 4751 1397 4814 υἱόν
1420 4753 1424 4837 l
1449 4752 1598 4836 Σιιὶιινὲ]ν
1613 4763 1683 4842 Top-

351 4845 485 4922 nav'arav‚
509 4845 582 4937 ἱερέα
601 4849 710 4934 Quod]
734 4851 740 4934 Ι
761 4846 878 4912 ’leuatae
899 4845 948 4912 uui
969 4845 1042 4939 {rpite
1062 4847 1140 4914 θεοῦ
1156 4848 1318 4939 Κα[ι’σαρος
1336 4848 1530 4936 Σεβαῃποῦ,
1550 4850 1683 4943 ἔπαρχον

350 4945 475 5024 Ῥώμης,
500 4955 579 5038 τριῶν
606 4949 744 5038 [ἀνδρῶν]
767 4957 772 5028 Ι
794 4953 1009 5034 κατασκ[ευ]ἥς
1034 4953 1185 5039 χρ[υ]σοῢ
1207 4947 1256 5016 nal
1283 4949 1409 5038 ἀργύρου
1438 4948 1501 5037 [sal
1527 4955 1684 5041 pgoeApeJaii,

352 5047 472 5135 ταμ[ιάν
497 5045 651 5138 ΤιβεριἹου
672 5046 872 5135 Κλα[υδι’]ο[υ
899 5048 1058 5140 Καίσαρος]
1082 5053 1087 5137 l
1113 5051 1291 5136 2243de
1311 5055 1528 5142 PrpanvmoFi]
1553 5099 1683 5120 .......

353 5157 498 5216 Eumenia
524 5156 580 5216 etsi
607 5156 721 5216 maiore
745 5176 785 5216 ex
804 5167 890 5234 parta
910 5159 1080 5236 perierunt,
1108 5165 1209 5218 tamen
1233 5178 1311 5236 qnae
1335 5144 1489 5220 remanent
1508 5169 1590 5220 recte
1615 5161 1683 5220 Dit-

352 5257 547 5336 tenbergeras
572 5258 618 5317 ait
643 5258 716 5319 satis
743 5257 899 5319 ostendere
928 5266 1117 5338 quaestorem
1145 5261 1225 5320 bunc
1252 5261 1346 5322 inisse
1372 5281 1433 5320 non
1453 5261 1600 5337 Neronis,
1629 5261 1682 5323 sed
