3654 6072
585 571 882 626 oasnnvnmouns
899 571 1017 624 aaron.
1037 573 1090 624 111.
1360 627 1365 636 ,
1451 541 1496 628 69

278 745 312 794 ab
331 745 414 794 altero
436 745 528 794 latere:

322 870 440 886 .....
458 833 462 900 Ι
484 836 599 886 libertor.
619 843 645 886 et
663 851 759 888 servor.
776 833 781 901 Ι
797 837 889 887 domus
906 838 1009 902 August
1029 835 1034 902 Ι
1057 840 1119 904 imp.
1141 839 1215 890 Caes.
1235 840 1289 890 'I'iti
1308 841 1360 891 divi
1376 837 1381 904 1
1399 842 1496 908 Vespa·

321 927 388 975 siani
407 927 426 976 i.
446 927 515 990 Aug.
531 921 536 990 Ι
554 928 581 976 in
600 962 607 976 .
628 963 634 977 .
654 963 660 976 .
680 943 698 977 n
718 963 725 978 .
745 963 752 977 .
771 929 798 977 ni
818 927 963 994 (sequantur
980 931 1080 979 aomina
1098 929 1279 996 septendecim).

279 1015 354 1066 Grnt.
375 1020 418 1079 10,
439 1017 454 1068 5
472 1008 593 1068 ‘Grutero
613 1017 796 1069 Gntenstenius
816 1021 859 1084 qni
877 1019 941 1068 vidit
959 1018 1160 1086 exscripsitque’.

165 1107 289 1169 Primae
320 1112 449 1172 honores
477 1115 684 1190 honorumque
711 1115 884 1175 iterationes
911 1123 972 1174 tam
998 1117 1087 1174 facile
1119 1117 1296 1193 explanabis
1323 1136 1413 1194 quam
1437 1117 1496 1178 Ge-

166 1211 256 1286 ryoni
284 1214 404 1289 aptabis
431 1222 582 1290 petasum3
611 1215 643 1274 iu
669 1215 800 1274 secunda
820 1217 1017 1294 imperatores
1045 1226 1107 1276 tres
1133 1219 1326 1278 intemeratae
1351 1217 1498 1278 Christia-

165 1309 270 1372 nitatis
293 1314 471 1391 signumque
485 1316 627 1374 Herculis
644 1315 766 1400 victoris
788 1316 877 1375 simul
898 1317 1056 1395 splendent
1076 1328 1228 1396 tamquam
1250 1319 1282 1378 in
1296 1321 1399 1378 eodem
1414 1321 1498 1378 caelo

167 1407 223 1470 Sol
245 1419 275 1471 et
287 1412 390 1487 Luna3
413 1416 501 1474 tertia
516 1417 644 1492 denique
659 1437 774 1492 merum
789 1417 964 1476 miraculum
979 1427 1026 1477 est
1039 1437 1210 1496 proponens
1225 1420 1256 1478 in
1272 1419 1374 1478 eadem
1390 1438 1499 1479 scaena
1569 1476 1573 1480 .

166 1511 363 1590 imperatores
391 1515 495 1576 Titum
522 1525 552 1576 et
573 1517 671 1576 Pium.
715 1517 860 1591 Quartam
880 1520 1012 1597 reperies
1035 1530 1065 1578 et
1085 1519 1322 1598 praescriptione
1343 1527 1373 1579 et
1393 1521 1499 1580 absur-

167 1612 261 1672 ditate
288 1635 391 1693 parem
419 1617 505 1678 Grut.
530 1620 620 1691 1014,
644 1619 672 1677 6.
714 1619 877 1678 Praeterea
898 1621 965 1678 vide
990 1620 1063 1679 mibi
1085 1621 1237 1680 hominem
1265 1621 1420 1694 callidum,
1447 1622 1499 1698 qui

166 1713 340 1792 importuno
367 1719 464 1778 amico
490 1721 526 1779 de
553 1721 647 1779 titulis
673 1721 740 1780 istis
767 1721 928 1798 aliquando
956 1721 1120 1780 sciscitanti
1142 1739 1342 1799 responsurus
1370 1723 1410 1782 sit
1436 1729 1499 1781 tum

166 1833 220 1876 eos
242 1817 340 1876 denuo
361 1820 459 1879 visum
480 1821 516 1878 iri
539 1840 607 1881 cum
628 1828 696 1880 ruat
716 1821 845 1880 basilica
865 1817 897 1881 S.
920 1821 1013 1882 Petri.
1056 1819 1136 1882 Sene
1157 1841 1213 1880 nos
1235 1841 1355 1900 quoque
1377 1841 1499 1900 persua·

167 1935 235 1976 sum
257 1919 401 1980 habemus
423 1929 513 1996 antea
534 1929 613 1980 certe
634 1923 782 1980 neminem
806 1937 857 1982 eos
879 1923 1011 1981 visurum
1034 1935 1111 1982 esse.

253 2018 280 2078 2.
314 2023 464 2094 Interea,
491 2041 567 2099 quae
589 2043 628 2081 ex
650 2023 831 2082 Metellianis
854 2022 1012 2100 desumpta
1034 2022 1252 2082 Gutensteuius
1276 2023 1406 2084 Grutero
1429 2024 1500 2082 sub-

166 2121 260 2193 misit,
282 2140 342 2182 non
365 2124 459 2182 multa
482 2134 560 2198 sunt,
587 2123 670 2202 qnod
697 2124 817 2200 quidem
843 2124 937 2184 sciam
964 2123 1046 2200 (nam
1073 2125 1187 2183 urbana
1208 2124 1327 2200 aliaque
1348 2124 1502 2201 complura

166 2223 210 2282 ibi
238 2224 334 2282 relata
361 2225 498 2301 equidem
523 2246 579 2302 pro
606 2225 665 2284 mei
691 2225 782 2283 officii
814 2224 923 2284 finibus
951 2243 1012 2282 non
1039 2225 1076 2282 ad
1103 2225 1247 2284 amussim
1274 2225 1499 2302 pervestigari),

166 2343 247 2400 quae
268 2326 391 2384 redeant
411 2327 443 2384 in
472 2310 652 2385 Metellianis
673 2327 712 2385 iis
738 2343 815 2402 quae
841 2325 931 2384 hodie
958 2335 1129 2400 supersunt.
1173 2323 1233 2385 Sed
1254 2326 1312 2383 hoc
1331 2343 1391 2383 non
1412 2343 1500 2404 urge·

166 2445 247 2499 mus,
268 2444 336 2486 cum
357 2428 422 2486 fieri
441 2429 580 2506 potuerit,
602 2435 636 2486 ut
648 2436 719 2506 post
734 2425 965 2487 Gutenstenium
980 2441 1052 2503 pars
1067 2425 1308 2484 Metellianorum
1321 2443 1394 2484 casu
1409 2426 1500 2484 inter·

166 2527 245 2586 ierit.
281 2529 323 2586 At
344 2548 381 2587 ex
403 2528 440 2587 iis
463 2548 540 2606 quae
560 2529 604 2587 ibi
625 2527 760 2600 redeunt,
783 2527 985 2604 suspicionem
1006 2527 1121 2585 fraudis
1143 2535 1264 2586 movent
1284 2534 1364 2584 certe
1380 2525 1499 2584 Brixia·

166 2648 224 2690 nae
246 2630 323 2688 duae
344 2649 363 2688 a
378 2628 576 2690 Gutenstenio
598 2649 638 2688 ex
659 2629 843 2688 Metellianis
858 2628 1025 2706 descriptae
1041 2625 1182 2686 Grutero.
1218 2627 1298 2686 Nam
1311 2625 1501 2704 reperiuntur

166 2730 289 2808 quidem
310 2732 344 2790 in
364 2733 541 2810 corporibus
556 2729 712 2790 Brixianis
727 2730 842 2789 duobus
861 2729 989 2789 servatis
1004 2728 1102 2788 adhuc
1114 2729 1192 2788 inter
1206 2728 1379 2788 Metelliana
1394 2727 1501 2786 biblio·

166 2833 273 2892 thecae
283 2833 456 2905 Vaticanae,
478 2833 532 2892 sed
553 2842 586 2891 ut
606 2833 638 2890 in
658 2832 707 2892 his
729 2833 868 2910 legantur
887 2831 1091 2902 intemeratae,
1113 2829 1194 2907 apud
1209 2827 1374 2890 Gruterum
1395 2835 1500 2887 auctae

166 2933 382 2994 additamentis
403 2933 501 2992 falsie.
543 2932 711 3010 Utramque
733 2931 909 3010 subscripsi.

271 3056 373 3107 Ibidem
393 3055 498 3120 (legitur
514 3056 542 3104 iu
555 3071 655 3105 summo
667 3045 851 3116 tolio'Burni',
924 3051 1007 3106 Burni
1026 3058 1100 3102 extra
1118 3051 1244 3102 Brixiam.
1297 3121 1300 3126 ι

273 3146 319 3196 sed
335 3138 445 3197 ‘ibidem’
466 3147 532 3196 illud
549 3147 661 3212 pertinet
678 3146 712 3195 sd
735 3146 763 3195 id
781 3146 851 3212 qnod

273 3239 392 3302 proxime
411 3237 544 3304 praecedit
557 3228 594 3288 ‘in
612 3237 730 3288 Faustini
748 3250 851 3288 monaa-

273 3320 365 3390 terio’).
512 3329 647 3379 Minervae
1126 3325 1260 3376 Minervae

525 3420 629 3484 August
1143 3399 1246 3461 Aussfflt

489 3509 551 3563 Sex.
570 3509 672 3574 Dugiu,
1095 3471 1157 3524 sex.
1176 3469 1292 3520 Drnnius

1144 3543 1242 3592 Valens

490 3601 612 3652 Valentio
630 3601 670 3651 VI
1098 3615 1139 3666 VI
1156 3615 1197 3664 vil.
1214 3614 1284 3676 Aug·

489 3693 529 3742 vir
601 3694 672 3756 Aug.
1156 3687 1182 3737 d.
1202 3687 1229 3737 d.

273 3785 463 3836 Metelluscod.
476 3785 536 3835 Vat.
551 3783 622 3834 6039
635 3783 654 3832 f.
668 3780 736 3832 403'.
755 3781 847 3834 Paullo
922 3780 996 3832 Grut.
1023 3780 1067 3841 sl,
1093 3778 1109 3830 5
1137 3768 1179 3828 ‘ex
1205 3791 1252 3826 mr.
1276 3772 1376 3825 Metelli
1402 3771 1498 3823 Gnten·

255 3923 259 3928 .
329 3881 430 3930 diverse
447 3879 506 3930 cod.
524 3880 586 3930 Vat.
606 3879 677 3928 6033
697 3877 716 3927 i.
737 3876 798 3927 1⁵4.
978 3865 1092 3921 stenius'.

171 3959 1500 3988 Μ

274 4034 383 4086 Ibidem.
1076 4023 1159 4072 Extra
1176 4019 1304 4069 Brixiam.

535 4105 561 4153 d.
611 4119 646 4154 m.

478 4196 536 4248 Pan
645 4194 700 4243 tino
1072 4185 1235 4239 Panorm-
1259 4181 1315 4230 tino

495 4291 536 4335 ret
571 4298 614 4340 eas
641 4284 707 4334 lario
1081 4275 1131 4326 reti
1153 4287 1235 4334 presta
1260 4270 1317 4322 ario

460 4378 538 4443 quivi
555 4381 629 4432 tmacc
645 4373 685 4423 xit
694 4387 728 4424 an
809 4364 811 4368 ’
1047 4367 1091 4431 qui
1103 4367 1130 4414 ri
1150 4365 1184 4402 ⁴⁸1
1197 4359 1240 4400 “ri
1260 4361 1300 4410 xit
1312 4373 1346 4409 arr

487 4483 537 4518 uos
644 4464 742 4516 XXIII
1081 4470 1130 4505 nos
1159 4442 1234 4493 ‘'²¹⁶⁰‘'
1260 4449 1369 4502 XXIII·

441 4559 539 4610 m.IIII
647 4555 718 4604 natio
1062 4561 1096 4596 m.
1115 4545 1172 4596 1111
1207 4543 1234 4592 d.
1277 4540 1332 4591 vn

486 4650 559 4712 Fryx
582 4659 682 4712 pugnat
1113 4634 1184 4684 natio
1208 4632 1281 4696 Fryx

466 4755 512 4790 um
534 4740 561 4790 V
586 4738 702 4801 Ingenua
1118 4737 1226 4788 pugnat.
1249 4722 1275 4771 V
1346 4780 1348 4784 Ι
1371 4763 1373 4768 ,

475 4829 563 4896 posuit
592 4826 694 4891 coniugi
1053 4815 1170 4880 ingenua
1187 4812 1274 4878 posuit
1292 4825 1341 4860 con

477 4919 542 4970 karo
561 4933 619 4968 cum
638 4931 689 4982 quo
1019 4905 1073 4970 iugi
1091 4905 1156 4956 karo
1174 4919 1233 4956 cum
1251 4917 1308 4978 quo.
1321 4901 1375 4950 rix.

470 5010 535 5060 vixit
547 5007 703 5060 amelI
1045 5009 1088 5045 an.
1106 4997 1132 5046 V
1150 5009 1185 5044 m.
1204 4995 1233 5045 II
1251 4993 1277 5042 d.
1296 4991 1350 5043 vn

280 5101 550 5156 nocturnasve.
564 5098 634 5149 6039
648 5097 667 5147 i.
681 5091 856 5148 sonemus
922 5087 1003 5140 ¹(deut.
1024 5085 1086 5147 333,
1101 5087 1118 5138 9
1135 5075 1327 5138 ‘Guteuetenins
1336 5094 1360 5130 e
1379 5075 1435 5132 cod.
1456 5089 1503 5126 mr.

335 5195 436 5245 diverse
454 5192 512 5243 cod.
531 5189 603 5242 6033
622 5187 642 5238 f.
657 5186 719 5238 166.
794 5267 800 5276 .
921 5191 923 5194 ·
992 5167 1107 5229 Metelli.
