3620 6080
568 623 865 677 ossuuvsumuns
885 624 1002 677 ueros.
1020 627 1081 676 xv.
1412 611 1484 683 287

160 786 278 853 Λεύκιος
300 795 349 870 (cf.
374 794 585 870 Dittenberger
605 795 625 852 l.
649 801 674 852 c.
696 814 725 871 p.
749 794 824 869 310)
845 759 957 853 iactum
978 813 1038 852 non
1059 813 1098 853 ex
1119 794 1223 867 Lucio,
1246 796 1299 855 sed
1320 817 1359 856 ex
1373 755 1488 859 Luscio

161 897 210 956 vel
233 895 355 954 Leucis.
398 895 498 971 Magis
523 895 711 988 igitur'indc
739 895 914 972 colligemus
941 895 1093 954 Romanos
1118 896 1327 972 antiquissimo
1354 909 1489 978 tempore

160 997 374 1074 pronuntiasse
396 995 587 1071 Mu(b)urcua
611 996 740 1094 indeque
767 995 878 1054 tactum
906 1013 975 1063 esse
996 995 1128 1066 Marcus,
1150 1009 1184 1054 ut
1208 1016 1247 1056 ex
1268 999 1357 1058 abula
1376 1001 1489 1062 fautum

160 1101 207 1158 est
228 1097 288 1157 alu.
1318 1097 1320 1101 ’

242 1297 388 1358 Homines
410 1299 602 1356 nominantur
622 1298 751 1374 primum
773 1298 968 1374 magistratus
989 1297 1120 1356 Romani
1140 1305 1220 1356 trest

159 1387 256 1459 Αὖλος
274 1391 415 1458 ‘Oretum
436 1390 544 1458 damac
566 1416 594 1456 r.
615 1397 666 1456 42.
708 1397 764 1456 Est
789 1397 829 1454 A.-
850 1397 1001 1456 Hostilius
1022 1397 1059 1456 L.
1078 1399 1099 1456 f.
1115 1398 1271 1458 Mancinus
1293 1418 1355 1460 cos.
1370 1419 1398 1459 a.
1414 1401 1485 1474 584,

202 1516 263 1574 quo
284 1508 416 1576 tempore
438 1507 560 1558 senatus
581 1499 751 1558 consultum
771 1498 884 1556 iactum
905 1499 1006 1556 estin
1027 1499 1205 1558 Macedonia
1225 1517 1328 1576 agens.

160 1595 279 1660 Kc'avrcc
299 1592 416 1659 Μαίνιος
437 1591 521 1656 Τίτου
546 1592 604 1657 υἱός
625 1587 786 1680 στρατηγός
812 1617 840 1654 v.
866 1599 892 1655 1.
918 1598 965 1656 10.
989 1599 1038 1656 38.
1081 1599 1254 1658 Praetorem
1278 1599 1315 1674 Q.
1337 1602 1488 1663 Maenium

165 1739 167 1744 ·
204 1719 281 1777 quac
304 1709 427 1758 senatus
449 1718 476 1758 a.
491 1699 553 1758 584
575 1698 612 1758 dc
625 1698 778 1757 Abderitis
794 1698 985 1770 decrevisset,
1007 1717 1062 1774 pro
1078 1700 1215 1758 contione
1238 1701 1353 1760 edicere
1373 1702 1488 1763 iussum

203 1819 272 1861 csse
293 1802 325 1858 iu
346 1801 435 1858 huius
458 1801 530 1858 anni
550 1801 624 1859 actis
646 1799 752 1874 Livius
774 1799 825 1870 43,
847 1799 876 1871 4,
901 1797 938 1855 12
961 1807 1072 1870 uenat,
1093 1799 1164 1858 item
1186 1801 1237 1872 43,
1258 1797 1342 1872 6,10
1364 1806 1488 1864 eundem

203 1922 224 1961 a
236 1907 342 1961 senatu
356 1901 471 1960 iussum
491 1918 558 1958 esse
573 1891 795 1976 Lampsacenos
816 1900 848 1957 in
863 1900 1013 1958 sociorum
1029 1899 1188 1959 formulam
1198 1902 1319 1961 referre.
1353 1904 1491 1982 Apparet

202 2003 295 2080 igitur
321 2000 359 2074 Q.
385 2002 504 2060 Maenio
531 2010 702 2076 praeturam
729 2000 872 2058 urbanum
899 2019 926 2058 a.
955 2001 1015 2058 584
1041 2000 1186 2077 obtigisse
1212 2021 1339 2078 eumque
1367 2007 1491 2064 consule

202 2104 241 2162 A.
264 2102 397 2162 Hostilio
417 2103 448 2160 in
470 2101 675 2160 Macedoniam
697 2099 841 2176 proiecto,
863 2100 957 2158 altero
979 2101 1017 2158 A.
1038 2101 1131 2158 Atilio
1152 2102 1184 2160 in
1204 2102 1332 2179 Ligures
1355 2115 1490 2165 senatum

203 2205 347 2280 coegissev
366 2211 395 2261 et
422 2221 470 2262 res
497 2203 627 2260 urbanas
655 2201 819 2259 curavisse.
862 2201 898 2258 Id
915 2201 1024 2275 ipsum
1051 2203 1177 2277 requirit
1197 2183 1489 2265 senatusconsultum

203 2304 284 2380 quod
305 2304 465 2374 habemus3
490 2302 677 2361 notissimum
704 2302 782 2358 enim
804 2309 850 2359 est
870 2301 1045 2360 absentibus
1067 2303 1241 2362 consulibus
1267 2322 1327 2362 non
1348 2307 1397 2364 cui
1418 2307 1491 2365 velit

203 2405 335 2482 praetori
356 2404 405 2462 ius
427 2419 494 2460 esse
516 2409 637 2462 senatus
659 2402 795 2477 cogendi,
818 2401 871 2460 sed
892 2403 1038 2460 urbanum
1055 2421 1142 2461 more
1162 2405 1310 2462 maiorum
1332 2407 1491 2465 consulare

203 2523 312 2563 munus
334 2504 484 2562 sustinere
511 2502 642 2577 (Becker
663 2502 774 2560 enchir.
798 2500 884 2573 2,-2,
915 2503 984 2561 187.
1011 2503 1102 2578 403);
1130 2511 1164 2562 ιιι
1190 2505 1238 2562 vel
1264 2524 1304 2564 ex
1330 2523 1381 2578 eo,
1407 2507 1509 2582 quod,

204 2603 242 2680 Q.
265 2605 402 2664 Maenius
425 2612 561 2662 senatum
587 2603 752 2674 consuluit,
776 2603 931 2679 provincia
957 2603 1022 2661 eius
1051 2597 1218 2680 colligatur.
1247 2637 1288 2647 -
1314 2603 1385 2664 Non
1410 2617 1490 2678 recte

202 2707 260 2765 viri
282 2706 362 2764 docti
383 2705 482 2762 adbuc
505 2705 533 2762 ei
554 2705 742 2780 peregrinam
767 2703 950 2778 provinciam
976 2703 1136 2774 dederunt,
1162 2704 1307 2763 urbanam
1328 2715 1428 2766 autem
1451 2706 1488 2781 Ω.

203 2806 333 2876 Raecio,
358 2823 446 2880 quem
467 2787 572 2863 Livius
595 2805 646 2876 43,
674 2803 702 2877 9,
732 2805 749 2863 6
772 2805 814 2862 ait
842 2823 881 2862 ex
909 2813 1031 2863 senatus
1052 2805 1188 2864 consulto
1214 2805 1244 2862 in
1273 2815 1357 2880 parte
1382 2807 1490 2867 Italiae

185 2907 325 2984 ,Illyrico
347 2906 466 2964 obiectu
483 2905 598 2965 milites
613 2903 838 2980 conscripsisse,
860 2904 965 2962 deinde
987 2923 1013 2962 c.
1031 2906 1112 2978 11,4
1135 2923 1173 2962 ex
1195 2905 1254 2962 alio
1276 2916 1398 2966 senatus
1419 2927 1491 2968 con-

204 3009 282 3068 sulto
309 3013 463 3065 senatores
489 3024 529 3064 ex
554 3014 618 3066 tota
641 3004 730 3064 Italia
756 3004 882 3062 Romam
914 3022 1096 3064 revocasse*
1132 3003 1212 3063 Nam
1241 3025 1280 3064 cx
1306 3006 1390 3067 bisce
1414 3011 1492 3086 ipsis

202 3109 277 3168 locis
302 3107 377 3166 satis
403 3105 587 3182 intellegitur
608 3104 752 3164 Raecium
774 3105 806 3163 in
827 3105 919 3162 Italia
939 3095 1046 3181 egisse,
1068 3097 1100 3163 id
1120 3106 1201 3180 quod
1222 3109 1355 3183 praetori
1377 3109 1490 3168 urbano

203 3229 248 3269 ne·
261 3209 373 3267 licebat
393 3207 524 3282 quidem,
546 3213 576 3264 et
596 3223 645 3264 res
659 3205 783 3265 Italicas
805 3205 1039 3264 administrasse.
1073 3206 1200 3282 Proprie
1222 3218 1322 3266 sutem
1344 3227 1491 3284 quaenam

202 3309 359 3388 provincia
380 3307 419 3382 Ω.
439 3306 553 3378 Raecio
576 3306 708 3365 evenerit
733 3307 786 3364 nbi
808 3306 993 3381 quaerimus,
1021 3305 1123 3382 paullo
1146 3306 1237 3364 altius
1253 3307 1308 3364 ¹res
1328 3308 1491 3383 repetenda

202 3421 258 3471 est.
302 3408 423 3470 Scilicet
448 3425 516 3466 cum
543 3407 609 3466 seni
636 3416 698 3491 turn
720 3413 873 3482 praetores
894 3415 1074 3476 crearentur,
1094 3423 1221 3480 quorum
1242 3407 1305 3465 bini
1325 3407 1356 3464 iu
1378 3406 1491 3485 Hispa-

204 3513 271 3571 nias
299 3511 344 3568 ire
371 3509 520 3579 solebant,
552 3507 633 3594 bello
660 3507 783 3566 Persico
815 3515 922 3564 exorto
951 3505 1078 3582 singulis
1104 3513 1218 3564 tautum
1244 3507 1432 3582 praetoribus
1458 3509 1490 3567 in

205 3611 387 3689 Hispaniam·
399 3610 502 3668 missis
516 3617 603 3667 extra
625 3608 758 3665 ordinem
781 3624 849 3665 sors
863 3593 942 3664 iacta
962 3617 1019 3676 est,
1041 3615 1075 3664 ut
1094 3606 1120 3663 is
1136 3613 1257 3681 praetor
1270 3607 1319 3664 cui
1340 3608 1492 3668 evenisset

203 3713 261 3772 iret
282 3729 341 3788 quo
355 3721 479 3770 senatus
495 3709 671 3768 censuisset.
703 3707 789 3766 Haec
811 3723 877 3764 sors
899 3725 966 3764 cum
986 3710 1015 3764 a
1032 3705 1091 3764 583
1108 3704 1143 3765 G.
1157 3705 1300 3765 Lucretio
1322 3707 1490 3786 obtigisset,

203 3813 230 3874 is
252 3812 446 3872 Brundisium
468 3809 506 3870 ed
528 3810 655 3869 classem
676 3809 785 3868 missus
808 3817 854 3867 est
876 3806 956 3882 (Liv.
972 3805 1022 3878 42,
1037 3805 1102 3882 31).
1145 3805 1263 3865 Deinde
1284 3807 1392 3868 classis
1414 3810 1491 3868 inter

204 3913 375 3990 provincias
397 3928 458 3983 eas,
486 3911 523 3970 de
544 3911 653 3986 quibus
674 3917 827 3987 praetores
850 3909 1036 3979 sortirentur,
1061 3913 1182 3985 recepta
1202 3907 1302 3966 evenit
1321 3927 1353 3967 a.
1372 3909 1433 3968 584
1453 3908 1489 3968 1..

204 4013 369 4074 Hortensio
391 4011 471 4090 (Liv.
494 4012 544 4082 43,
566 4011 595 4068 4.
619 4011 647 4068 7.
671 4009 715 4086 8),
737 4028 764 4068 a.
788 4006 906 4068 585‘0.
927 4008 1043 4092 Marcio
1064 4006 1174 4084 Figulo
1196 4006 1279 4082 (Liv.
1294 4008 1344 4079 43,
1369 4009 1416 4068 11.
1441 4009 1490 4068 15.

205 4115 255 4187 44,
280 4113 322 4188 1),
347 4132 374 4171 a
401 4113 461 4172 586
489 4110 544 4171 On.
568 4108 696 4171 Octavio
725 4109 805 4184 (Liv.
832 4109 882 4182 44,
913 4108 974 4184 17).
1019 4105 1079 4168 Sed
1104 4107 1259 4184 provincia
1286 4114 1319 4166 ut
1342 4109 1402 4166 iret
1431 4126 1490 4184 quo

204 4221 325 4276 senatus
346 4213 514 4272 censuisset
534 4212 630 4289 magis
652 4211 690 4269 ab
710 4210 835 4285 irnperio
857 4209 1006 4268 maritimo
1028 4209 1163 4267 seiuncta
1184 4216 1231 4266 est
1244 4226 1334 4283 quam
1356 4207 1490 4278 sublata3

205 4325 285 4375 certe
299 4333 328 4372 a.
343 4313 402 4372 586
424 4319 544 4390 praetor
565 4311 740 4388 peregrinus
762 4310 851 4368 simul
865 4310 983 4368 iubetur
1002 4309 1047 4366 ire
1062 4327 1097 4366 co
1113 4326 1171 4386 quo
1187 4315 1309 4368 senatus
1324 4307 1492 4368 censuisset

207 4415 339 4492 (4417,
368 4414 407 4470 10
435 4413 472 4472 cf.
498 4430 523 4470 o.
552 4411 602 4483 21,
622 4411 667 4486 4),
699 4419 731 4468 et
755 4411 819 4468 veri
853 4409 950 4467 simile
976 4416 1023 4466 est
1048 4409 1138 4466 etiam
1164 4426 1309 4466 annorum
1334 4408 1403 4467 584.
1430 4407 1490 4466 585

204 4524 360 4592 praetores
382 4513 556 4590 peregrinos
578 4511 716 4570 similiter
737 4509 887 4586 duplicem
909 4491 1019 4567 sortem
1040 4509 1192 4568 habuisse.
1228 4508 1275 4567 Ea
1296 4525 1363 4567 sors
1383 4508 1492 4584 opinor

205 4636 233 4676 a.
257 4616 319 4675 584
339 4615 380 4672 M.
402 4613 515 4672 Raecio
537 4613 653 4683 evenit;
677 4612 795 4670 censuit
815 4619 914 4669 autem
936 4618 1067 4683 senatus,
1094 4619 1127 4669 ut
1151 4609 1225 4668 urbe
1245 4609 1350 4667 relicta
1369 4607 1492 4684 provin·

205 4719 313 4792 cisque
343 4715 503 4792 peregrina
537 4713 669 4789 collegae
703 4711 864 4772 commissa
898 4729 970 4769 orae
1004 4710 1097 4768 maris
1128 4709 1295 4769 Hadriatici
1325 4708 1496 4769 custodiam

205 4817 380 4894 susciperet.
403 4849 442 4860 -
463 4813 502 4888 Ω.
524 4811 663 4872 Maenius
684 4813 722 4872 T.
742 4813 764 4872 f.
786 4820 941 4890 praeterea
960 4812 1081 4888 ignotus
1103 4819 1159 4870 est
1478 4806 1481 4810 ’

166 4909 249 4979 Γάιος
273 4905 417 4999 Accepimus
438 4935 465 4974 v.
489 4913 539 4973 22.
563 4912 602 4974 52
628 4914 655 4972 is
683 4913 720 4973 de
746 4931 806 4990 quo
833 4913 923 4972 modo
949 4912 1081 4972 diximus
1107 4919 1229 4988 praetor
1255 4928 1282 4968 a.
1311 4908 1371 4969 583
1399 4908 1494 4968 classi

206 5017 345 5097 praefuit.
1175 5061 1179 5067 .

244 5116 449 5178 Nomincntur
469 5115 576 5176 deinde
603 5113 745 5174 senatorii
766 5114 881 5176 ordinis
902 5115 959 5174 viri
980 5113 1128 5191 quinque,
1154 5111 1206 5190 qui
1230 5109 1349 5188 duobus
1363 5116 1494 5198 ‚senuas

168 5218 311 5278 consultis
332 5217 380 5278 his
402 5217 565 5276 scribendis
587 5215 758 5276 adfueruntz
