3654 6072
343 611 392 682 54
628 605 1378 678 mutusuuuusvonmvrortsnmusnvu.
1621 625 1671 676 1os

341 727 495 740 ,ι--ι--ι-ιι

257 850 260 854 .
339 800 405 859 Ioh.
425 797 634 858 Wordsworth
661 797 692 856 in
715 794 749 855 Ο.
766 795 791 854 Ι.
804 795 841 854 L.
863 796 924 854 vol.
946 794 1045 870 quarti
1072 812 1200 854 censura
1224 795 1338 853 inserta
1357 793 1463 852 libello
1484 791 1674 854 Londinensi

343 901 404 959 The
424 898 570 976 Acadanp
593 897 670 957 1871
695 915 724 973 p.
741 895 802 954 444
828 895 859 971 (e
881 893 1092 971 christophori
1119 896 1216 972 patris
1244 895 1376 972 schedis)
1403 896 1478 955 haec
1504 895 1672 972 praefatus:

340 1021 369 1060 a.
385 1001 468 1060 1860
494 1000 599 1059 should
624 997 763 1074 certainly
789 1015 845 1055 ran
867 997 947 1066 thus,
975 1014 1008 1054 or
1032 997 1133 1072 nearly
1160 997 1234 1056 titus.
1248 1029 1291 1040 -
1318 995 1674 1056 Mommsenusa.1846

340 1103 439 1162 minus
460 1101 606 1177 integram
628 1099 757 1169 videram
779 1115 835 1180 ego
856 1097 887 1156 in
909 1098 1034 1158 tectorio
1048 1095 1181 1174 Neapoli
1201 1097 1362 1157 adservato
1376 1097 1504 1181 vestigia
1525 1095 1675 1173 quaedam

341 1201 540 1278 deprehendi,
570 1201 623 1259 sed
652 1200 740 1276 plura
768 1217 845 1258 nunc
870 1205 1031 1274 postquam
1057 1197 1150 1258 totius
1177 1199 1267 1259 lectio
1292 1198 1421 1276 innotuit
1445 1197 1526 1258 haud
1552 1195 1676 1256 difficile

287 1344 288 1347 η
342 1302 463 1380 agnosci
486 1309 636 1378 poterunt.
652 1329 691 1344 -·
717 1303 728 1357 l
755 1299 817 1374 QV
821 1285 868 1358 01
891 1319 930 1357 ex
951 1292 1131 1358 Mommseni
1153 1299 1328 1377 apographo
1350 1298 1552 1376 reponendum
1575 1307 1632 1358 est.

383 1403 421 1460 In
449 1409 534 1461 tanta
562 1408 677 1473 autem,
708 1419 799 1478 qnam
827 1401 963 1476 priorum
992 1408 1159 1476 temporum
1188 1400 1303 1458 incuria
1329 1399 1471 1473 fecimus,
1504 1399 1676 1458 huiusmodi

341 1504 572 1581 inscriptionum
597 1503 713 1562 iactura
738 1520 804 1559 cum
830 1519 939 1578 magno
965 1517 1055 1576 opere
1084 1499 1245 1576 optandum
1273 1501 1328 1572 sit,
1356 1501 1452 1560 neiis
1473 1519 1550 1576 quae
1573 1517 1676 1560 serva·

343 1612 391 1663 tae
414 1613 485 1664 sunt
506 1604 550 1661 uti
571 1620 765 1678 nequeamus,
787 1594 943 1678 speramus
964 1601 1038 1673 fore,
1060 1609 1094 1660 ut
1108 1601 1364 1660 Wordsworthius
1385 1619 1462 1678 quae
1479 1602 1589 1659 multas
1605 1607 1678 1659 ante

342 1707 399 1766 hos
427 1704 628 1781 quadraginta
654 1723 750 1763 annos
771 1704 802 1761 in
824 1721 912 1762 suum
934 1721 1021 1762 usum
1043 1719 1076 1762 se
1098 1702 1297 1779 descripsisse
1319 1701 1461 1780 Pompeis
1489 1701 1580 1775 dixit,
1606 1720 1677 1760 cum

343 1805 381 1864 iis
404 1805 624 1865 communicare
645 1805 726 1875 velit,
748 1821 874 1879 quorum
896 1804 951 1861 has
973 1821 1022 1861 res
1043 1821 1226 1882 cognoscere
1247 1804 1380 1861 interest

386 1903 527 1965 Ceterum
554 1905 681 1964 disticho
707 1903 765 1976 illi,
792 1905 873 1980 quod
900 1903 1144 1962 commentarium
1170 1922 1230 1962 non
1253 1903 1419 1975 desiderat,
1445 1903 1553 1962 addam
1576 1903 1678 1962 simile

344 2007 470 2065 alterum
491 2007 600 2065 lectum
623 2025 642 2064 a
662 2025 709 2064 mc
731 2005 846 2064 Romae
866 2003 897 2061 in
920 2005 1030 2063 montis
1051 2003 1185 2063 Palatini
1206 2004 1363 2082 parietinis
1385 2004 1455 2062 hoo:

525 2140 670 2201 OMNIA
692 2137 940 2201 FORMONSIS
963 2138 1095 2198 CVPIO
1117 2138 1300 2198 DONARH
1323 2131 1492 2200 Pvltttts

569 2233 1129 2301 '811Tm1H1D11·1³0PVLO
1151 2240 1316 2300 NVLLA

582 2339 1001 2402 PVIILLA·PLAC11T

1314 2524 1348 2586 0.
1371 2527 1632 2588 Zsucaumsnua.
