3654 6072
538 665 834 719 onsnnvsmouns
852 667 971 719 arran.
990 667 1044 720 m.
1063 669 1113 720 rv.
1440 655 1486 727 77

152 837 219 914 nis)
242 837 360 914 aliquot
382 844 411 894 et
430 835 604 913 Hispanicis
626 837 773 896 Alionsus
795 836 921 898 Cestros
943 839 1097 917 Hispanus
1109 841 1152 918 ¹):
1174 843 1205 901 in
1219 843 1346 906 Gallicis
1366 850 1487 924 quidam

153 939 321 997 canonieus
338 937 550 1014 Lugdunensis
572 946 602 995 et
616 938 765 996 Minucius
785 947 872 1015 pater
886 939 1032 999 Tolosae:
1054 942 1085 998 in
1101 940 1288 1004 Germanicis
1303 947 1487 1025 Moguntinis

154 1040 260 1098 nescio
283 1039 362 1115 quis.
398 1037 507 1096 Fertur
529 1037 674 1116 Cyriacus
696 1039 903 1098 Anconitanus
924 1039 1101 1100 Latinorum
1120 1042 1364 1123 Graecorumque
1385 1051 1488 1109 huius·

155 1140 241 1199 modi
266 1141 515 1217 epigrammatum
543 1139 684 1197 volumen
712 1139 885 1198 confecisse.
928 1141 1015 1200 Ferri
1042 1162 1113 1201 vero
1138 1163 1199 1203 non
1226 1155 1328 1222 potest
1354 1153 1486 1211 auctoris

154 1241 227 1298 libri
253 1240 359 1298 Italice
387 1241 491 1316 scripti
517 1240 604 1297 titulo
631 1241 927 1316 Hypnerotomachia
947 1242 1091 1320 Poliphili
1120 1247 1261 1320 audacia,
1293 1250 1344 1324 qni
1371 1259 1416 1309 tot
1442 1253 1488 1311 in·

156 1341 338 1418 scriptiones
358 1340 484 1399 Latinas
506 1347 535 1398 et
557 1338 690 1400 Graecas
712 1341 865 1400 confinxit.
903 1342 1063 1404 Florianus
1085 1345 1237 1424 Ocampus
1260 1350 1311 1425 qui
1332 1349 1486 1412 historiam

155 1441 327 1518 Hispaniae
355 1442 488 1518 scripsit,
516 1441 623 1498 dicitur
650 1460 754 1500 omnes
776 1443 943 1519 Hispaniae
963 1455 1080 1504 veteres
1106 1448 1315 1524 inscriptiones
1341 1453 1486 1514 inunum

155 1543 300 1600 volumen
326 1540 553 1620 congessisset)
580 1550 610 1600 ct
635 1543 680 1600 Io.
708 1544 877 1603 Aventinus
899 1547 991 1604 totius
1014 1544 1212 1606 Germaniae'.
1255 1551 1299 1609 Et
1316 1564 1396 1628 post·
1411 1557 1489 1614 alic:

156 1641 233 1720 ‘Ego
254 1651 334 1701 certe
349 1645 402 1701 vix
422 1644 511 1701 fidem
533 1643 661 1701 adhibeo
682 1643 754 1718 illis,
776 1663 853 1720 quae
875 1647 937 1721 qui,
958 1655 1117 1723 postquam
1140 1649 1219 1708 edita
1240 1651 1368 1726 fuerunt,
1391 1674 1428 1714 ea
1449 1675 1488 1715 ex

155 1744 233 1820 ipsis
257 1745 343 1803 saxis
365 1739 512 1816 ccirexit,
537 1763 597 1801 non
618 1744 708 1816 vidit3
738 1746 868 1804 maxime
888 1747 997 1822 quibus
1019 1749 1078 1806 loci
1100 1751 1255 1827 inscriptio
1277 1753 1370 1813 deest.
1412 1757 1487 1817 Inde

157 1845 237 1903 enim
264 1845 466 1904 coniecturam
491 1845 569 1902 facio
595 1846 675 1903 buno
700 1845 810 1904 librum
840 1867 880 1906 ex
908 1847 1050 1923 quopiam
1077 1852 1189 1908 recenti
1217 1853 1332 1927 codice,
1359 1875 1420 1915 non
1448 1878 1487 1918 ex

155 1946 233 2022 ipsis
256 1947 340 2005 saxis
363 1947 560 2022 exscriptum:
587 1946 714 2006 fortasse
736 1967 775 2006 ex
798 1945 943 2023 Carpensi
965 1951 1067 2008 codice
1089 1960 1119 2009 et
1140 1951 1249 2026 altero,
1270 1963 1303 2012 ut
1324 1957 1487 2033 deprehen-

157 2043 272 2106 dimus’.

357 2469 361 2474 ,
390 2419 446 2476 1v.
492 2417 776 2478 GRAMMATIOA
795 2419 856 2478 EX
876 2417 1003 2480 AOTIS
1025 2420 1257 2481 ARVALIVM.

244 2563 434 2640 Quamquam
469 2565 692 2642 grammatistae
719 2564 758 2635 ii,
793 2563 845 2638 qui
873 2565 911 2626 ad
938 2564 1148 2642 inscriptiones
1176 2585 1294 2644 quoque
1323 2573 1488 2646 attendunt,

158 2667 290 2726 fortasse
315 2665 385 2742 plus
412 2665 513 2723 damni
533 2664 652 2724 Latinis
679 2665 788 2723 litteris
815 2665 978 2722 attulerunt
999 2685 1088 2742 quam
1111 2667 1248 2728 utilitatis
1278 2670 1389 2746 (solent
1409 2675 1489 2733 enim

157 2777 284 2846 propter
304 2767 496 2824 instrumenti
517 2766 699 2842 epigrapbici
721 2766 921 2842 ignorantiam
942 2767 1020 2826 male
1041 2767 1120 2826 lecta
1141 2776 1171 2828 et
1189 2770 1309 2845 plebeia
1323 2781 1353 2830 et
1367 2775 1489 2834 omnino

158 2870 279 2928 inutilia
304 2867 492 2944 potissimum
518 2886 678 2941 excerpere
704 2876 733 2926 et
759 2875 793 2926 ut
818 2867 927 2925 medici
947 2867 1078 2944 imperiti
1099 2889 1206 2929 nocere
1226 2872 1303 2948 ipsis
1323 2873 1488 2951 remediis),

159 2991 231 3031 cura
260 2969 429 3030 adhibenda
456 2977 516 3040 est,
546 2988 584 3026 ne
609 2977 731 3045 propter
756 2987 859 3025 eorum
888 2987 1004 3028 errores
1030 2970 1257 3047 inscriptionum
1283 2973 1315 3030 in
1342 2975 1489 3034 eiusmodi

159 3073 423 3150 disquisitionibus
445 3069 606 3128 auctoritas
629 3078 835 3128 contemnatur
856 3069 903 3128 vel
923 3069 1093 3130 infametur.
1132 3072 1168 3129 Id
1191 3080 1291 3132 autem
1311 3075 1343 3132 in
1365 3093 1401 3134 eo
1423 3095 1489 3134 ver·

158 3175 242 3246 titur,
264 3181 298 3232 ut
317 3173 446 3248 primum
467 3188 578 3247 genera
597 3171 828 3246 inscriptionum
848 3178 929 3229 recte
950 3172 1153 3245 aestimentur,
1175 3173 1206 3231 id
1226 3183 1272 3232 est
1285 3176 1404 3234 reiectis
1420 3177 1491 3235 titu-

159 3275 198 3334 lis
221 3273 371 3348 corruptis
394 3281 424 3330 et
445 3272 554 3343 dubiis,
576 3271 680 3348 quiin
703 3272 841 3330 omnibus
864 3272 1002 3350 syllogis,
1025 3273 1115 3330 etiam
1136 3275 1305 3334 recentibus
1320 3285 1349 3334 et
1364 3277 1401 3334 ad
1417 3278 1490 3337 artis
1580 3275 1586 3284 '

158 3378 241 3454 leges
263 3373 407 3451 expolitis
430 3373 582 3432 abundent
602 3389 727 3456 necesse
748 3379 795 3430 est
816 3373 953 3447 (namin
974 3373 1135 3450 deperditis
1153 3375 1202 3432 vel
1215 3371 1274 3451 'qui
1296 3385 1367 3435 sunt
1389 3396 1490 3437 acces·

160 3495 211 3538 sus
233 3475 412 3534 difficilioris
433 3474 598 3552 pendemus
621 3473 658 3531 ab
680 3473 849 3532 auctoribus
871 3473 1047 3549 plerumque
1068 3492 1123 3531 nec
1144 3475 1223 3533 notis
1246 3477 1321 3534 satis
1343 3495 1398 3535 nec
1415 3479 1489 3536 satis

155 3577 289 3658 peritis),
311 3576 362 3652 qui
383 3583 498 3634 restant
517 3575 654 3632 lectionis
676 3575 774 3632 cert'ae
794 3580 824 3632 et
838 3574 1011 3649 exploratae
1026 3575 1063 3631 ad
1079 3593 1189 3651 genera
1204 3585 1375 3652 aetatesque
1391 3577 1489 3636 distri-

159 3682 300 3740 buantur.
339 3676 421 3736 Nam
443 3677 504 3734 alia
524 3677 602 3734 ratio
616 3673 670 3734 'est
691 3675 913 3749 auctoritasque
935 3674 1055 3734 diversa
1075 3675 1229 3734 titulorum
1250 3677 1439 3752 publicorum
1462 3689 1492 3737 et

157 3781 355 3858 privatorum,
370 3778 549 3835 urbanorum
564 3785 594 3834 et
604 3776 777 3834 Italicorum
792 3785 821 3834 et
835 3775 1072 3852 provincialium,
1087 3761 1289 3853 profectorum
1305 3797 1324 3836 a
1336 3779 1489 3838 nobilibus

160 3881 345 3956 eruditisque
372 3878 543 3936 hominibus
571 3885 600 3934 ct
625 3876 827 3954 plebeiorum,
856 3877 888 3934 in
913 3877 961 3934 his
989 3877 1078 3955 longe
1106 3878 1225 3936 diversa
1249 3897 1355 3938 rursus
1378 3897 1491 3953 eorum,

160 4000 238 4060 quos
261 3981 450 4040 dictaverunt
470 3979 605 4036 homines
627 3997 667 4036 ex
688 3978 774 4054 plebe
795 3979 910 4036 urbana
924 3976 1116 4037 Graecanicis
1138 3987 1170 4037 ut
1192 3981 1324 4040 moribus
1345 3980 1388 4040 ita
1408 3982 1489 4040 locu·

159 4085 294 4144 tionibus
316 4081 425 4139 affecta
445 4097 581 4156 quosque
602 4079 704 4137 rustici
724 4077 756 4136 in
770 4079 850 4138 villis
873 4079 1057 4155 saltibusque
1071 4081 1178 4138 Italiae
1193 4081 1334 4157 degentes
1349 4081 1398 4139 vel
1413 4100 1492 4139 cam-

159 4195 278 4265 pestres
300 4181 424 4242 litterati
439 4181 486 4239 vel
508 4180 702 4239 semibarbari
716 4180 748 4237 in
761 4180 924 4255 provinciis
939 4183 1062 4238 remotis
1077 4181 1230 4240 ueletiam
1247 4180 1380 4240 Graecae
1395 4183 1489 4258 partis

164 4285 286 4364 imperii
312 4284 463 4354 homines,
490 4282 543 4357 qui
563 4281 665 4339 Latini
691 4281 837 4340 sermonis
860 4282 907 4340 ius
929 4284 1025 4358 magis
1048 4300 1138 4357 quam
1159 4300 1246 4343 usum
1269 4283 1491 4358 impetrassent,

159 4385 337 4446 incidendos
360 4390 547 4442 curaverunt.
584 4382 723 4458 Denique
746 4401 814 4440 curn
835 4381 914 4439 tituli
927 4381 1029 4440 Latini
1051 4385 1122 4440 anni
1142 4384 1215 4441 certi
1230 4391 1302 4440 nota
1315 4383 1491 4457 plerumque

162 4489 364 4548 destituantur
386 4493 416 4542 et
437 4484 614 4561 saepissime
634 4483 666 4541 in
688 4502 723 4542 eo
746 4483 996 4558 adquiescendum
1020 4484 1073 4554 sit,
1100 4491 1133 4540 ut
1154 4483 1257 4540 titulos
1280 4489 1349 4539 ante
1369 4482 1492 4540 Diocle·

161 4591 277 4648 tianum
303 4587 432 4662 scriptos
460 4583 478 4642 a
504 4585 617 4643 saeculi
645 4585 745 4660 quarti
770 4593 799 4642 et
825 4583 964 4660 deinceps
985 4584 1185 4641 monumentis
1208 4599 1329 4658 separes
1350 4582 1434 4658 (nam
1455 4581 1494 4640 ad

162 4707 214 4750 eos
229 4689 306 4747 fines
321 4688 409 4764 longe
423 4687 545 4762 plurimi
560 4692 646 4770 certo
655 4685 749 4763 redigi
764 4685 916 4762 possunt),
935 4704 1006 4743 cura
1020 4683 1190 4742 adhibenda
1204 4694 1259 4768 est,
1280 4691 1313 4741 ut
1328 4702 1366 4740 ex
1380 4682 1495 4760 ingenti

162 4790 252 4850 turba
274 4801 400 4866 corpora
421 4786 567 4863 quaedam
588 4787 714 4864 deligas,
735 4805 812 4864 quae
834 4795 863 4845 et
878 4794 1004 4844 aetatem
1019 4784 1148 4842 habeant
1162 4783 1314 4842 definitam
1329 4791 1359 4842 et
1372 4793 1496 4860 propter

164 4891 309 4968 originem
337 4894 603 4965 argumentumque
626 4897 707 4946 recte
735 4897 765 4946 et
792 4895 861 4964 apte
889 4888 967 4944 inter
995 4904 1028 4945 se
1056 4891 1273 4961 comparentur.
1316 4885 1365 4943 Ita
1390 4901 1495 4962 proce-

165 4991 303 5051 dentibus
329 4989 388 5048 duo
410 4989 583 5066 contingent
603 5007 745 5066 perquam
767 4988 924 5065 optabilia,
953 4988 1082 5064 primum
1104 4987 1189 5045 utin
1210 4985 1309 5045 locum
1330 4985 1495 5064 ingentium

242 5199 267 5264 ¹)
295 5201 329 5252 V.
348 5199 472 5249 Huebner
489 5199 519 5250 11
536 5213 562 5263 p.
575 5199 625 5250 IX.

241 5288 267 5354 ²)
295 5291 329 5343 V.
348 5290 445 5341 ibidem
463 5306 489 5356 p.
502 5291 567 5342 XII.
