3654 6072
561 636 857 690 csssnvsrronas
874 637 993 690 neren.
1013 639 1053 689 11.
1423 621 1469 694 61

141 827 212 868 ann.
237 809 270 882 3,
292 809 342 866 24.
364 808 413 866 52.
437 807 469 880 6,
487 807 514 865 2.
537 806 598 865 Dio
620 809 674 880 59,
691 809 734 884 9).
778 809 860 868 Filia
881 809 946 867 eius
967 811 1056 868 Iunia
1077 809 1229 870 Olaudilla
1249 831 1276 870 a.
1296 811 1414 889 60111.
1432 817 1471 876 38

141 911 245 987 nupsit
267 909 347 970 Gaio
373 909 613 986 666611Τ1116111
639 911 667 967 61
695 911 746 986 661
772 918 877 986 666166
902 910 1059 988 1616616111
1084 911 1228 986 (Tacitus
1255 933 1324 972 666.
1352 917 1386 988 6,
1407 915 1472 994 20).

140 1011 234 1070 Ι6666
249 1011 383 1070 eiusdem
406 1007 477 1068 Gaii
500 1011 693 1068 consiliorum
711 1011 806 1068 soceri
824 1011 1006 1087 impatientis
1026 1013 1115 1087 periit
1135 1013 1166 1070 16
1187 1015 1255 1090 ipso
1276 1015 1393 1092 imperii
1407 1019 1473 1078 eius

142 1112 292 1189 principio
314 1113 374 1169 iem
397 1130 491 1171 senex
511 1112 595 1187 (Dio
616 1112 637 1169 l.
657 1112 696 1187 e.)
718 1131 746 1169 a.
763 1131 792 1187 p.
808 1108 879 1171 Chr.
896 1111 934 1170 38
958 1110 1038 1187 (Dio
1060 1113 1080 1171 1.
1102 1132 1144 1185 6.;
1166 1113 1289 1173 Tacitus
1311 1117 1414 1193 Agric.
1436 1119 1470 1192 43

144 1211 228 1274 Suet.
250 1211 321 1272 Gai.
345 1211 399 1285 233
427 1212 517 1272 Philo
543 1211 602 1288 leg.
625 1211 663 1270 ad
685 1210 798 1271 Gaium
820 1209 849 1270 8.
872 1212 906 1284 93
936 1209 1050 1274 Seneca
1071 1215 1173 1290 apoth.
1199 1217 1251 1286 113
1278 1227 1345 1276 acta
1366 1220 1471 1278 Arval.

144 1331 170 1372 6.
188 1313 253 1390 38).

228 1417 257 1474 6.
300 1415 342 1473 D.
363 1415 465 1474 Iunias
487 1415 607 1474 Silanae
632 1413 725 1472 frater
750 1415 954 1490 praecedentis
981 1425 1103 1491 propter
1123 1417 1299 1477 adulterium
1321 1439 1387 1480 cum
1408 1423 1473 1480 Au·

143 1515 225 1593 gusti
250 1524 339 1592 nepte
365 1516 556 1574 commissum
583 1534 649 1573 cum
670 1516 769 1574 Roma
794 1515 935 1592 fugisset,
962 1535 998 1574 eo
1024 1515 1350 1596 16111116.6.Ο111.20
1376 1541 1472 1600 66666

143 1617 273 1690 bonores
296 1617 424 1675 obtinuit
443 1615 583 1692 (Tacitus
605 1635 676 1674 ann.
699 1617 727 1687 3,
743 1615 807 1692 24).

228 1717 257 1776 7.
300 1717 347 1776 M.
372 1717 475 1776 166166
497 1717 540 1775 M.
560 1719 589 1791 s.
613 1717 733 1776 Silenus
759 1735 814 1776 666.
839 1736 867 1774 6.
887 1735 916 1776 6.
937 1735 961 1776 a.
983 1718 1045 1778 772
1064 1720 1235 1796 560111.
1254 1723 1299 1782 19.
1343 1725 1473 1784 Perraro

144 1828 402 1877 commemoratur.
444 1818 663 1894 inscriptiones
691 1819 781 1890 duae,
809 1819 862 1894 qui
883 1838 950 1877 eum
972 1820 1126 1878 consulem
1147 1823 1226 1880 cient
1247 1842 1314 1882 cum
1334 1823 1371 1883 L.
1393 1825 1473 1886 Nor·

142 1921 221 1980 bano
243 1915 340 1978 Balbo
366 1919 534 1995 (Borghesi
560 1920 581 1976 l.
602 1938 627 1978 6.
650 1938 679 1996 p.
696 1917 771 1991 216,
801 1919 872 1977 item
899 1920 969 1978 11611.
992 1919 1059 1978 dell’
1080 1925 1145 1980 icat.
1174 1922 1253 1982 1856
1274 1943 1304 2000 p.
1322 1925 1390 2002 60),
1416 1947 1472 2004 pa·

143 2021 197 2080 tris
224 2041 334 2080 nomen
360 2021 488 2092 addunt,
510 2022 591 2097 quod
611 2020 679 2078 ideo
701 2021 779 2092 6611,
807 2027 840 2080 61
862 2021 1062 2097 distinguatur
1083 2041 1101 2079 a
1123 2023 1243 2082 consule
1264 2025 1398 2084 eiusdem
1419 2023 1478 2087 no·¹
1539 2039 1549 2066 ⁴

143 2123 233 2180 minis
256 2141 283 2180 6.
300 2139 329 2198 p.
347 2120 416 2180 Chr.
435 2123 484 2193 15,
505 2122 574 2179 inde
596 2123 788 2198 intellegitur,
809 2123 889 2197 quod
909 2121 941 2178 in
959 2123 1076 2200 integra
1097 2123 1180 2198 (nam
1195 2125 1290 2182 altera
1303 2127 1398 2186 116616
1411 2130 1473 2207 661)

143 2224 181 2281 ab
203 2224 299 2282 altero
321 2224 444 2282 consule
466 2223 561 2298 patris
583 2227 763 2299 praenomen
786 2223 879 2281 abest.
915 2222 1061 2282 Extremo
1078 2233 1211 2300 tempore
1226 2225 1341 2285 Tiberii
1361 2229 1473 2304 primo·

143 2343 201 2400 que
223 2323 283 2384 Gai
305 2324 345 2400 (c.
361 2323 483 2382 33-38
498 2343 528 2399 p.
545 2322 620 2400 Chr)
642 2343 696 2400 per
717 2343 772 2382 sex
793 2324 948 2386 minimum
970 2342 1064 2382 anuos
1086 2343 1152 2382 eum
1168 2324 1289 2386 Africae
1307 2329 1474 2404 praefuisse

142 2426 354 2503 proconsulem
379 2425 562 2500 intellegitur
587 2445 627 2484 ex
653 2425 740 2484 titulo
766 2424 859 2483 Orell.
881 2423 960 2482 3443
989 2425 1131 2501 praefecti
1157 2427 1274 2486 fabrum
1301 2429 1344 2488 M.
1373 2429 1474 2490 Siluai

142 2527 188 2584 M.
204 2529 231 2602 f.
256 2537 332 2586 66616
348 2527 534 2603 Carthaginis
556 2525 608 2602 (61.
624 2526 773 2604 Borghesi
794 2525 814 2583 l.
831 2543 856 2584 e.
879 2543 908 2600 p.
924 2524 993 2584 208.
1011 2524 1085 2602 217)
1108 2527 1227 2586 66116116
1249 2529 1286 2586 116
1308 2548 1383 2605 6666
1400 2518 1474 2590 scri-

143 2629 219 2688 bunt
240 2627 301 2686 Dio
322 2629 373 2700 58,
388 2627 427 2686 23
450 2627 564 2686 Τ1116111
587 2635 683 2686 661616
705 2635 839 2686 66116616
860 2628 1027 2684 6666161166
1049 2628 1280 2708 consularesque
1301 2632 1473 2707 provincias

142 2749 197 2806 per
217 2729 395 2788 sexennium
416 2731 472 2788 sub
494 2729 598 2787 eodem
620 2729 799 2804 proconsule
820 2727 916 2806 161666
938 2735 967 2784 61
990 2727 1113 2786 Tacitus
1134 2729 1203 2787 hist.
1226 2731 1259 2802 4,
1276 2731 1315 2789 48
1339 2730 1373 2792 C.
1397 2732 1474 2793 cae-

144 2849 241 2888 sarem
268 2831 309 2890 M.
339 2829 434 2890 Silani
459 2831 581 2889 Africae
610 2830 770 2888 obtinentis
801 2839 882 2888 metu
907 2828 1055 2904 legionem
1082 2829 1110 2888 ei
1135 2831 1298 2890 abstulisse
1323 2834 1416 2894 misso
1442 2837 1473 2894 in

143 2951 209 2990 eam
230 2951 296 2990 rem
316 2932 428 3007 legato,
449 2931 533 3007 quodv
551 2949 611 2990 non
632 2941 712 2988 recte
734 2932 873 2988 convenit
893 2931 925 2988 in
946 2930 1072 2988 alterum
1095 2931 1135 2988 M.
1159 2930 1294 2992 Silanum
1317 2934 1473 3011 degentem

143 3033 273 3104 Romae,
300 3051 359 3109 quo
386 3041 520 3109 tempore
542 3031 637 3099 Gaius
664 3033 812 3107 imperare
838 3031 950 3106 coepit,
977 3040 1008 3090 et
1032 3031 1135 3106 paullo
1162 3043 1231 3108 post
1251 3035 1472 3113 interemptum.

142 3136 227 3194 Alibi
252 3153 315 3193 non
342 3142 537 3205 memoratur,
564 3134 623 3191 nisi
650 3133 730 3210 quod
757 3134 834 3190 inter
856 3129 977 3192 Silanos
1006 3133 1057 3208 qui
1077 3133 1108 3189 16
1130 3139 1234 3191 666616
1255 3131 1375 3196 1661661
1397 3157 1423 3196 a.
1442 3133 1474 3214 p.

144 3235 214 3296 (1111.
232 3235 271 3294 32
299 3233 443 3311 (Tacitus
466 3253 534 3292 ann.
559 3234 591 3306 6,
615 3233 647 3309 2)
677 3253 744 3292 eum
775 3251 892 3310 666666
921 3232 1130 3309 comprehendi
1158 3245 1390 3295 consentaneum
1417 3248 1472 3298 661.

142 3339 227 3396 16161
247 3338 380 3395 Arvales
407 3356 473 3394 eum
495 3336 642 3394 nominari
663 3334 938 3412 666166661661116
961 3333 1087 3406 credidi,
1115 3335 1175 3392 iam
1196 3337 1388 3410 praetulerim
1411 3341 1476 3416 opi·

144 3439 263 3498 nionem
278 3436 439 3513 Borghesii
462 3436 496 3512 (l.
513 3455 536 3494 c.
559 3455 588 3512 p.
608 3435 683 3512 192)
703 3436 743 3493 Μ.
760 3435 896 3496 Silanum
919 3453 996 3505 eum,
1018 3435 1071 3509 qui
1092 3436 1262 3494 nominatur
1282 3437 1313 3494 in
1328 3437 1367 3496 iis
1382 3439 1474 3516 impe·
1594 3503 1597 3507 ,

142 3541 279 3600 rantibus
303 3537 382 3598 Gaio
404 3547 433 3596 et
454 3535 592 3608 Claudio,
615 3537 766 3596 consulem
788 3553 857 3594 esse
879 3555 905 3593 a.
921 3554 949 3610 p.
966 3532 1038 3593 Chr.
1054 3535 1103 3592 46.

226 3641 271 3699 Hi
296 3648 366 3698 sunt
391 3657 467 3715 quos
492 3640 631 3698 novimus
652 3639 735 3696 Iunii
755 3635 852 3697 Silani
878 3635 985 3694 aetatis
1006 3638 1174 3712 Augustam
1203 3637 1310 3713 quibus
1331 3639 1400 3698 addi
1421 3658 1474 3716 po·

142 3751 243 3801 terunt
264 3741 372 3800 aetatis
394 3738 574 3798 Tiberianae
595 3740 690 3815 magis
712 3757 803 3814 quam
825 3739 982 3814 Augustae
1002 3737 1138 3796 homines
1161 3737 1192 3797 0.
1214 3738 1330 3814 Appiae
1354 3739 1474 3801 Silanus

144 3863 202 3904 cos.
224 3864 253 3902 6.
269 3863 298 3902 6.
315 3863 339 3902 6.
355 3843 411 3900 781
430 3865 467 3892 =
485 3859 517 3916 p.
538 3841 603 3900 Otr.
622 3841 676 3910 28,
704 3840 740 3899 66
769 3859 829 3916 666
855 3846 924 3898 ante
951 3838 1083 3914 egimus,
1112 3847 1141 3897 et
1167 3837 1206 3898 L.
1230 3838 1352 3900 Silanus
1367 3843 1476 3917 flamen

145 3945 298 4005 Martialis
324 3943 377 4019 661
398 3943 503 4002 666661
523 3941 581 4000 fuit
602 3959 667 3999 cum
691 3938 726 3999 O.
741 3940 867 4000 Vellaeo
888 3940 1001 3998 Tutore
1021 3940 1102 3998 circa
1122 3959 1149 3998 a.
1166 3938 1204 3997 27
1228 3939 1392 4017 (Borghesi
1413 3941 1474 4002 1.6’.

143 4067 174 4124 p.
189 4046 282 4122 204),
309 4061 489 4120 quamquam
516 4061 556 4100 ex
582 4043 639 4101 hoc
665 4042 730 4118 ipso
757 4061 851 4114 auno,
878 4040 962 4100 cuius
989 4041 1153 4100 secundum
1175 4049 1319 4100 semestre
1339 4043 1474 4121 Borghe-

144 4149 208 4208 sius
230 4147 261 4205 ei
281 4146 439 4218 tribuerat,
466 4163 534 4204 eum
555 4162 650 4219 nuper
671 4143 849 4221 depulerunt
868 4142 941 4201 fasti
961 4142 1120 4200 Arvalium
1143 4142 1185 4218 (v.
1205 4141 1368 4201 Henzenus
1388 4143 1474 4203 relat.

142 4249 255 4328 6197).

229 4349 279 4408 De
300 4349 348 4406 his
370 4366 449 4424 quae
470 4347 638 4422 accepimus
660 4346 718 4404 etsi
740 4345 778 4404 ad
796 4345 980 4422 parentelam
995 4351 1077 4412 certa
1088 4343 1204 4402 ratione
1220 4344 1475 4404 determinandam

143 4471 211 4512 meo
232 4451 355 4526 quidem
376 4449 488 4508 iudicio
508 4467 570 4506 non
591 4447 712 4506 omnino
734 4435 894 4518 sufficiunt,
918 4445 1069 4504 sufficiunt
1089 4445 1196 4520 opinor
1217 4445 1257 4502 ad
1269 4445 1476 4520 quaestionem

142 4552 353 4623 dirimendam,
374 4550 496 4625 quinam
518 4567 620 4608 eorum
642 4547 731 4606 fuerit
751 4557 837 4623 pater
857 4547 1042 4622 abnepotum
1061 4545 1203 4621 Augusti.
1240 4545 1321 4604 Nam
1341 4545 1474 4622 reliquos

143 4671 338 4732 praenomen,
360 4670 399 4709 ex
420 4651 532 4710 Marcis
554 4656 654 4708 autem
675 4649 771 4707 tribus
793 4648 947 4706 consulem
969 4666 995 4704 a.
1012 4645 1071 4704 729
1095 4646 1200 4703 aetatis
1222 4645 1353 4704 rationes
1374 4646 1475 4704 exclu-

144 4755 227 4813 dunt.
271 4753 345 4811 Duo
371 4753 423 4827 qui
450 4759 605 4810 remanent
625 4750 721 4808 Marci
742 4749 882 4808 consules
903 4767 931 4808 6.
947 4747 1017 4806 768.
1034 4743 1093 4804 772
1116 4763 1183 4804 6616
1203 4753 1324 4822 6166161
1345 4753 1473 4824 66161616

144 4856 234 4914 616116
262 4855 326 4930 6611
352 4854 413 4911 6161
439 4852 522 4928 (6661
549 4852 626 4910 61161
652 4851 697 4908 616
723 4849 877 4926 generavit
903 4845 1133 4924 primogenitum
1154 4847 1248 4904 filium
1272 4843 1367 4906 annos
1389 4857 1477 4908 natus

144 4957 264 5016 circiter
288 4954 415 5032 triginta
442 4953 532 5026 duos,
558 4953 635 5010 alter
660 4969 755 5010 annos
783 4959 872 5009 natus
900 4947 1151 5024 duodetriginta),
1178 4947 1215 5006 de
1241 4947 1365 5008 consule
1392 4949 1475 5009 615

145 5074 251 5117 socero
272 5057 346 5131 imp.
362 5053 422 5114 Gai
441 5062 603 5132 propterea
623 5051 750 5132 cogitari
770 5069 829 5112 666
850 5057 958 5128 661661,
980 5050 1121 5126 quoniam
1140 5067 1302 5125 numquam
1317 5050 1429 5108 mentio
1444 5049 1478 5108 61

145 5157 303 5218 affinitatis
329 5157 420 5215 huius
445 5174 512 5216 eum
538 5156 628 5214 domo
653 5153 859 5231 imperatoria,
889 5167 957 5209 cum
985 5150 1160 5226 saepissime
1187 5150 1356 5208 nominetur
1382 5153 1479 5226 eaque

147 5240 279 5318 ’61661166
308 5259 441 5316 maxime
468 5275 487 5315 a
516 5256 624 5316 Tacito
652 5273 798 5316 summam
826 5253 990 5332 potentiam
1018 5252 1082 5311 eius
1111 5257 1266 5310 enarrante
1295 5249 1391 5308 omitti
1417 5267 1478 5311 non
