<?xml version="1.0" encoding="UTF-8"?>
<!DOCTYPE html PUBLIC "-//W3C//DTD XHTML 1.0 Transitional//EN"
    "http://www.w3.org/TR/xhtml1/DTD/xhtml1-transitional.dtd">
<html xmlns="http://www.w3.org/1999/xhtml" xml:lang="en" lang="en">
 <head>
  <title>
</title>
<meta http-equiv="Content-Type" content="text/html;charset=utf-8" />
  <meta name='ocr-system' content='tesseract 3.04.00' />
  <meta name='ocr-capabilities' content='ocr_page ocr_carea ocr_par ocr_line ocrx_word'/>
</head>
<body>
  <div class='ocr_page' id='page_1' title='image "./ephemerisepigra12instgoog_0087.png"; bbox 0 0 3654 6072; ppageno 0'>
   <div class='ocr_carea' id='block_1_1' title="bbox 366 653 1122 726">
    <p class='ocr_par' dir='ltr' id='par_1_1' title="bbox 366 653 1122 726">
     <span class='ocr_line' id='line_1_1' title="bbox 366 653 1122 726; baseline -0.011 -2"><span class='ocrx_word' id='word_1_1' title='bbox 366 653 387 724; x_wconf 82' lang='grc'><strong>7</strong></span> <span class='ocrx_word' id='word_1_2' title='bbox 392 653 414 726; x_wconf 86' lang='grc'>8</span> <span class='ocrx_word' id='word_1_3' title='bbox 940 662 1122 718; x_wconf 77' lang='lat' dir='ltr'>uouusmv</span> 
     </span>
    </p>
   </div>
   <div class='ocr_carea' id='block_1_2' title="bbox 365 833 1694 1112">
    <p class='ocr_par' dir='ltr' id='par_1_2' title="bbox 365 833 1694 1112">
     <span class='ocr_line' id='line_1_2' title="bbox 365 833 1693 914; baseline -0.005 -14"><span class='ocrx_word' id='word_1_4' title='bbox 365 840 566 910; x_wconf 88' lang='lat' dir='ltr'>voluminum,</span> <span class='ocrx_word' id='word_1_5' title='bbox 596 855 689 914; x_wconf 63' lang='lat' dir='ltr'>quaev</span> <span class='ocrx_word' id='word_1_6' title='bbox 704 835 793 895; x_wconf 91' lang='lat' dir='ltr'>hodie</span> <span class='ocrx_word' id='word_1_7' title='bbox 822 836 1009 895; x_wconf 78' lang='lat' dir='ltr'>conscribere</span> <span class='ocrx_word' id='word_1_8' title='bbox 1038 835 1136 894; x_wconf 83' lang='lat' dir='ltr'><strong>solent</strong></span> <span class='ocrx_word' id='word_1_9' title='bbox 1162 851 1280 894; x_wconf 91' lang='lat' dir='ltr'>omnem</span> <span class='ocrx_word' id='word_1_10' title='bbox 1308 833 1437 911; x_wconf 78' lang='lat' dir='ltr'>lapidem</span> <span class='ocrx_word' id='word_1_11' title='bbox 1465 842 1621 894; x_wconf 86' lang='lat' dir='ltr'>moventes</span> <span class='ocrx_word' id='word_1_12' title='bbox 1642 836 1693 894; x_wconf 92' lang='lat' dir='ltr'>im·</span> 
     </span>
     <span class='ocr_line' id='line_1_3' title="bbox 365 934 1694 1020; baseline -0.004 -19"><span class='ocrx_word' id='word_1_13' title='bbox 365 942 475 1020; x_wconf 90' lang='lat' dir='ltr'>perite,</span> <span class='ocrx_word' id='word_1_14' title='bbox 504 938 602 998; x_wconf 77' lang='lat' dir='ltr'>libelli</span> <span class='ocrx_word' id='word_1_15' title='bbox 622 939 731 998; x_wconf 87' lang='lat' dir='ltr'>breves</span> <span class='ocrx_word' id='word_1_16' title='bbox 753 937 927 1008; x_wconf 88' lang='lat' dir='ltr'>succedant;</span> <span class='ocrx_word' id='word_1_17' title='bbox 955 935 1062 996; x_wconf 90' lang='lat' dir='ltr'>deinde</span> <span class='ocrx_word' id='word_1_18' title='bbox 1083 944 1117 994; x_wconf 87' lang='lat' dir='ltr'>ut</span> <span class='ocrx_word' id='word_1_19' title='bbox 1138 953 1191 1012; x_wconf 90' lang='lat' dir='ltr'>per</span> <span class='ocrx_word' id='word_1_20' title='bbox 1212 934 1323 1011; x_wconf 77' lang='lat' dir='ltr'>gradm</span> <span class='ocrx_word' id='word_1_21' title='bbox 1343 936 1534 1011; x_wconf 86' lang='lat' dir='ltr'>perveniatur</span> <span class='ocrx_word' id='word_1_22' title='bbox 1554 937 1594 995; x_wconf 90' lang='lat' dir='ltr'>ad</span> <span class='ocrx_word' id='word_1_23' title='bbox 1614 935 1694 996; x_wconf 84' lang='lat' dir='ltr'>Lati·</span> 
     </span>
     <span class='ocr_line' id='line_1_4' title="bbox 365 1035 1693 1112; baseline -0.006 -10"><span class='ocrx_word' id='word_1_24' title='bbox 365 1062 421 1102; x_wconf 87' lang='lat' dir='ltr'>nae</span> <span class='ocrx_word' id='word_1_25' title='bbox 447 1042 632 1100; x_wconf 75' lang='lat' dir='ltr'>litteraturae</span> <span class='ocrx_word' id='word_1_26' title='bbox 653 1039 735 1098; x_wconf 87' lang='lat' dir='ltr'>vices</span> <span class='ocrx_word' id='word_1_27' title='bbox 761 1037 923 1096; x_wconf 88' lang='lat' dir='ltr'>secundum</span> <span class='ocrx_word' id='word_1_28' title='bbox 950 1046 1064 1096; x_wconf 89' lang='lat' dir='ltr'>aetates</span> <span class='ocrx_word' id='word_1_29' title='bbox 1090 1045 1120 1096; x_wconf 91' lang='lat' dir='ltr'>et</span> <span class='ocrx_word' id='word_1_30' title='bbox 1140 1036 1278 1112; x_wconf 75' lang='lat' dir='ltr'>regiones</span> <span class='ocrx_word' id='word_1_31' title='bbox 1300 1045 1438 1094; x_wconf 86' lang='lat' dir='ltr'>accurate</span> <span class='ocrx_word' id='word_1_32' title='bbox 1460 1035 1645 1097; x_wconf 79' lang='lat' dir='ltr'>definiendas</span> <span class='ocrx_word' id='word_1_33' title='bbox 1665 1045 1693 1094; x_wconf 92' lang='lat' dir='ltr'>et</span> 
     </span>
    </p>
   </div>
   <div class='ocr_carea' id='block_1_3' title="bbox 365 1137 1796 1219">
    <p class='ocr_par' dir='ltr' id='par_1_3' title="bbox 365 1137 1796 1219">
     <span class='ocr_line' id='line_1_5' title="bbox 365 1137 1796 1219; baseline -0.003 -19"><span class='ocrx_word' id='word_1_34' title='bbox 365 1143 453 1219; x_wconf 91' lang='lat' dir='ltr'>quasi</span> <span class='ocrx_word' id='word_1_35' title='bbox 482 1140 610 1200; x_wconf 84' lang='lat' dir='ltr'>dixerim</span> <span class='ocrx_word' id='word_1_36' title='bbox 633 1139 793 1213; x_wconf 88' lang='lat' dir='ltr'>unicuique</span> <span class='ocrx_word' id='word_1_37' title='bbox 815 1137 1058 1196; x_wconf 79' lang='lat' dir='ltr'>soloecismorum</span> <span class='ocrx_word' id='word_1_38' title='bbox 1080 1146 1109 1196; x_wconf 93' lang='lat' dir='ltr'>et</span> <span class='ocrx_word' id='word_1_39' title='bbox 1130 1137 1381 1196; x_wconf 79' lang='lat' dir='ltr'>barbarismorum</span> <span class='ocrx_word' id='word_1_40' title='bbox 1403 1137 1505 1215; x_wconf 83' lang='lat' dir='ltr'>generi</span> <span class='ocrx_word' id='word_1_41' title='bbox 1528 1155 1599 1196; x_wconf 89' lang='lat' dir='ltr'>snos</span> <span class='ocrx_word' id='word_1_42' title='bbox 1621 1138 1692 1196; x_wconf 88' lang='lat' dir='ltr'>fines</span> <span class='ocrx_word' id='word_1_43' title='bbox 1716 1169 1720 1181; x_wconf 54' lang='grc' dir='ltr'>ι</span> <span class='ocrx_word' id='word_1_44' title='bbox 1794 1143 1796 1186; x_wconf 71' lang='lat' dir='ltr'>l</span> 
     </span>
    </p>
   </div>
   <div class='ocr_carea' id='block_1_4' title="bbox 365 1237 1797 1921">
    <p class='ocr_par' dir='ltr' id='par_1_4' title="bbox 365 1237 1797 1828">
     <span class='ocr_line' id='line_1_6' title="bbox 366 1237 1693 1322; baseline -0.003 -22"><span class='ocrx_word' id='word_1_45' title='bbox 366 1241 580 1318; x_wconf 85' lang='lat' dir='ltr'>adsignandos.</span> <span class='ocrx_word' id='word_1_46' title='bbox 628 1239 769 1315; x_wconf 87' lang='lat' dir='ltr'>Exempli</span> <span class='ocrx_word' id='word_1_47' title='bbox 803 1255 896 1296; x_wconf 86' lang='lat' dir='ltr'>eausa</span> <span class='ocrx_word' id='word_1_48' title='bbox 928 1257 983 1314; x_wconf 88' lang='lat' dir='ltr'>per</span> <span class='ocrx_word' id='word_1_49' title='bbox 1008 1237 1110 1322; x_wconf 84' lang='lat' dir='ltr'>Rossii</span> <span class='ocrx_word' id='word_1_50' title='bbox 1143 1237 1329 1314; x_wconf 88' lang='lat' dir='ltr'>praeclarum</span> <span class='ocrx_word' id='word_1_51' title='bbox 1362 1255 1438 1312; x_wconf 91' lang='lat' dir='ltr'>opus</span> <span class='ocrx_word' id='word_1_52' title='bbox 1470 1237 1693 1313; x_wconf 82' lang='lat' dir='ltr'>inscriptionum</span> 
     </span>
     <span class='ocr_line' id='line_1_7' title="bbox 366 1339 1693 1416; baseline -0.005 -13"><span class='ocrx_word' id='word_1_53' title='bbox 366 1343 595 1404; x_wconf 86' lang='lat' dir='ltr'>christianarum</span> <span class='ocrx_word' id='word_1_54' title='bbox 617 1341 797 1400; x_wconf 87' lang='lat' dir='ltr'>urbanarum</span> <span class='ocrx_word' id='word_1_55' title='bbox 819 1339 930 1400; x_wconf 90' lang='lat' dir='ltr'>saeculi</span> <span class='ocrx_word' id='word_1_56' title='bbox 952 1339 1052 1416; x_wconf 88' lang='lat' dir='ltr'>quarti</span> <span class='ocrx_word' id='word_1_57' title='bbox 1073 1347 1103 1398; x_wconf 90' lang='lat' dir='ltr'>et</span> <span class='ocrx_word' id='word_1_58' title='bbox 1124 1339 1218 1414; x_wconf 91' lang='lat' dir='ltr'>quinti</span> <span class='ocrx_word' id='word_1_59' title='bbox 1240 1339 1298 1398; x_wconf 88' lang='lat' dir='ltr'>iam</span> <span class='ocrx_word' id='word_1_60' title='bbox 1321 1356 1518 1415; x_wconf 82' lang='lat' dir='ltr'>assequemur</span> <span class='ocrx_word' id='word_1_61' title='bbox 1537 1339 1604 1396; x_wconf 90' lang='lat' dir='ltr'>eius</span> <span class='ocrx_word' id='word_1_62' title='bbox 1625 1347 1693 1396; x_wconf 87' lang='lat' dir='ltr'>tem·</span> 
     </span>
     <span class='ocr_line' id='line_1_8' title="bbox 365 1439 1693 1522; baseline -0.003 -21"><span class='ocrx_word' id='word_1_63' title='bbox 365 1445 448 1522; x_wconf 89' lang='lat' dir='ltr'>poris</span> <span class='ocrx_word' id='word_1_64' title='bbox 479 1443 627 1502; x_wconf 90' lang='lat' dir='ltr'>sermonis</span> <span class='ocrx_word' id='word_1_65' title='bbox 653 1441 761 1500; x_wconf 87' lang='lat' dir='ltr'>urbani</span> <span class='ocrx_word' id='word_1_66' title='bbox 788 1440 899 1517; x_wconf 89' lang='lat' dir='ltr'>plebeii</span> <span class='ocrx_word' id='word_1_67' title='bbox 925 1440 998 1500; x_wconf 88' lang='lat' dir='ltr'>satis</span> <span class='ocrx_word' id='word_1_68' title='bbox 1025 1440 1147 1500; x_wconf 88' lang='lat' dir='ltr'>uberem</span> <span class='ocrx_word' id='word_1_69' title='bbox 1173 1439 1308 1498; x_wconf 89' lang='lat' dir='ltr'>notitiam</span> <span class='ocrx_word' id='word_1_70' title='bbox 1315 1459 1323 1511; x_wconf 91' lang='lat'>;</span> <span class='ocrx_word' id='word_1_71' title='bbox 1354 1439 1550 1515; x_wconf 87' lang='lat' dir='ltr'>similiterque</span> <span class='ocrx_word' id='word_1_72' title='bbox 1576 1439 1693 1498; x_wconf 87' lang='lat' dir='ltr'>tractari</span> 
     </span>
     <span class='ocr_line' id='line_1_9' title="bbox 366 1539 1693 1621; baseline -0.005 -17"><span class='ocrx_word' id='word_1_73' title='bbox 366 1552 507 1621; x_wconf 85' lang='lat' dir='ltr'>poterunt</span> <span class='ocrx_word' id='word_1_74' title='bbox 531 1544 621 1612; x_wconf 81' lang='lat' dir='ltr'>etiam</span> <span class='ocrx_word' id='word_1_75' title='bbox 642 1541 778 1600; x_wconf 82' lang='lat' dir='ltr'>Africani</span> <span class='ocrx_word' id='word_1_76' title='bbox 803 1540 895 1614; x_wconf 91' lang='lat' dir='ltr'>tituli,</span> <span class='ocrx_word' id='word_1_77' title='bbox 921 1547 1081 1616; x_wconf 89' lang='lat' dir='ltr'>postquam</span> <span class='ocrx_word' id='word_1_78' title='bbox 1106 1556 1158 1598; x_wconf 89' lang='lat' dir='ltr'>cos</span> <span class='ocrx_word' id='word_1_79' title='bbox 1185 1540 1222 1598; x_wconf 93' lang='lat' dir='ltr'>ab</span> <span class='ocrx_word' id='word_1_80' title='bbox 1244 1539 1384 1598; x_wconf 83' lang='lat' dir='ltr'>Reuierio</span> <span class='ocrx_word' id='word_1_81' title='bbox 1409 1540 1580 1618; x_wconf 85' lang='lat' dir='ltr'>recognitos</span> <span class='ocrx_word' id='word_1_82' title='bbox 1607 1540 1693 1598; x_wconf 88' lang='lat' dir='ltr'>habe·</span> 
     </span>
     <span class='ocr_line' id='line_1_10' title="bbox 366 1640 1693 1720; baseline -0.006 -15"><span class='ocrx_word' id='word_1_83' title='bbox 366 1663 444 1706; x_wconf 91' lang='lat' dir='ltr'>mus.</span> <span class='ocrx_word' id='word_1_84' title='bbox 492 1643 637 1702; x_wconf 77' lang='lat' dir='ltr'>Fortasse</span> <span class='ocrx_word' id='word_1_85' title='bbox 664 1643 732 1720; x_wconf 88' lang='lat' dir='ltr'>ipsa</span> <span class='ocrx_word' id='word_1_86' title='bbox 757 1643 832 1701; x_wconf 89' lang='lat' dir='ltr'>baec</span> <span class='ocrx_word' id='word_1_87' title='bbox 859 1641 1026 1718; x_wconf 88' lang='lat' dir='ltr'>ephemeris</span> <span class='ocrx_word' id='word_1_88' title='bbox 1053 1640 1200 1700; x_wconf 89' lang='lat' dir='ltr'>eiusmodi</span> <span class='ocrx_word' id='word_1_89' title='bbox 1227 1641 1480 1700; x_wconf 89' lang='lat' dir='ltr'>commentariolis</span> <span class='ocrx_word' id='word_1_90' title='bbox 1507 1640 1693 1717; x_wconf 78' lang='lat' dir='ltr'>publicandis</span> 
     </span>
     <span class='ocr_line' id='line_1_11' title="bbox 366 1744 1797 1828; baseline -0.007 -24"><span class='ocrx_word' id='word_1_91' title='bbox 366 1745 530 1823; x_wconf 90' lang='lat' dir='ltr'>aliquando</span> <span class='ocrx_word' id='word_1_92' title='bbox 551 1744 702 1804; x_wconf 88' lang='lat' dir='ltr'>inserviet.</span> <span class='ocrx_word' id='word_1_93' title='bbox 1796 1813 1797 1828; x_wconf 12' lang='grc' dir='ltr'>ἵ</span> 
     </span>
    </p>

    <p class='ocr_par' dir='ltr' id='par_1_5' title="bbox 450 1835 1797 1921">
     <span class='ocr_line' id='line_1_12' title="bbox 450 1842 1693 1921; baseline -0.004 -15"><span class='ocrx_word' id='word_1_94' title='bbox 450 1843 512 1906; x_wconf 87' lang='lat' dir='ltr'>Sed</span> <span class='ocrx_word' id='word_1_95' title='bbox 532 1847 592 1905; x_wconf 88' lang='lat' dir='ltr'>iam</span> <span class='ocrx_word' id='word_1_96' title='bbox 614 1864 632 1902; x_wconf 89' lang='lat' dir='ltr'>a</span> <span class='ocrx_word' id='word_1_97' title='bbox 653 1846 744 1921; x_wconf 90' lang='lat' dir='ltr'>longo</span> <span class='ocrx_word' id='word_1_98' title='bbox 766 1845 891 1904; x_wconf 87' lang='lat' dir='ltr'>exordio</span> <span class='ocrx_word' id='word_1_99' title='bbox 907 1845 1062 1902; x_wconf 88' lang='lat' dir='ltr'>veniamus</span> <span class='ocrx_word' id='word_1_100' title='bbox 1084 1842 1123 1900; x_wconf 90' lang='lat' dir='ltr'>ad</span> <span class='ocrx_word' id='word_1_101' title='bbox 1144 1843 1388 1919; x_wconf 89' lang='lat' dir='ltr'>quaestiunculas</span> <span class='ocrx_word' id='word_1_102' title='bbox 1409 1843 1620 1921; x_wconf 89' lang='lat' dir='ltr'>grammaticas</span> <span class='ocrx_word' id='word_1_103' title='bbox 1637 1860 1693 1914; x_wconf 85' lang='lat' dir='ltr'>eas,</span> 
     </span>
    </p>
   </div>
   <div class='ocr_carea' id='block_1_5' title="bbox 367 1935 1797 2024">
    <p class='ocr_par' dir='ltr' id='par_1_6' title="bbox 367 1935 1797 2024">
     <span class='ocr_line' id='line_1_13' title="bbox 367 1935 1797 2024; baseline -0.005 -17"><span class='ocrx_word' id='word_1_104' title='bbox 367 1947 403 2007; x_wconf 87' lang='lat' dir='ltr'>de</span> <span class='ocrx_word' id='word_1_105' title='bbox 431 1947 539 2024; x_wconf 89' lang='lat' dir='ltr'>quibus</span> <span class='ocrx_word' id='word_1_106' title='bbox 564 1947 596 2006; x_wconf 91' lang='lat' dir='ltr'>in</span> <span class='ocrx_word' id='word_1_107' title='bbox 622 1946 723 2006; x_wconf 89' lang='lat' dir='ltr'>animo</span> <span class='ocrx_word' id='word_1_108' title='bbox 745 1954 791 2004; x_wconf 89' lang='lat' dir='ltr'>est</span> <span class='ocrx_word' id='word_1_109' title='bbox 812 1945 920 2004; x_wconf 87' lang='lat' dir='ltr'>dicere.</span> <span class='ocrx_word' id='word_1_110' title='bbox 964 1947 1041 2004; x_wconf 86' lang='lat' dir='ltr'>Acta</span> <span class='ocrx_word' id='word_1_111' title='bbox 1061 1943 1187 2004; x_wconf 84' lang='lat' dir='ltr'>fratrum</span> <span class='ocrx_word' id='word_1_112' title='bbox 1208 1943 1367 2002; x_wconf 84' lang='lat' dir='ltr'>Arvalium</span> <span class='ocrx_word' id='word_1_113' title='bbox 1389 1945 1458 2002; x_wconf 92' lang='lat' dir='ltr'>dum</span> <span class='ocrx_word' id='word_1_114' title='bbox 1481 1963 1640 2020; x_wconf 87' lang='lat' dir='ltr'>percurro,</span> <span class='ocrx_word' id='word_1_115' title='bbox 1665 1943 1693 2002; x_wconf 91' lang='lat' dir='ltr'>id</span> <span class='ocrx_word' id='word_1_116' title='bbox 1796 1935 1797 1960; x_wconf 36' lang='lat' dir='ltr'>l</span> 
     </span>
    </p>
   </div>
   <div class='ocr_carea' id='block_1_6' title="bbox 366 2045 1694 2626">
    <p class='ocr_par' dir='ltr' id='par_1_7' title="bbox 366 2045 1694 2626">
     <span class='ocr_line' id='line_1_14' title="bbox 367 2045 1692 2126; baseline -0.003 -19"><span class='ocrx_word' id='word_1_117' title='bbox 367 2066 475 2126; x_wconf 92' lang='lat' dir='ltr'>corpus</span> <span class='ocrx_word' id='word_1_118' title='bbox 489 2047 589 2107; x_wconf 89' lang='lat' dir='ltr'>visum</span> <span class='ocrx_word' id='word_1_119' title='bbox 610 2055 657 2106; x_wconf 91' lang='lat' dir='ltr'>est</span> <span class='ocrx_word' id='word_1_120' title='bbox 679 2047 772 2104; x_wconf 82' lang='lat' dir='ltr'>utad</span> <span class='ocrx_word' id='word_1_121' title='bbox 794 2046 853 2104; x_wconf 87' lang='lat' dir='ltr'>alia</span> <span class='ocrx_word' id='word_1_122' title='bbox 874 2047 918 2104; x_wconf 90' lang='lat' dir='ltr'>ita</span> <span class='ocrx_word' id='word_1_123' title='bbox 939 2047 1028 2104; x_wconf 87' lang='lat' dir='ltr'>etiam</span> <span class='ocrx_word' id='word_1_124' title='bbox 1051 2047 1089 2104; x_wconf 89' lang='lat' dir='ltr'>ad</span> <span class='ocrx_word' id='word_1_125' title='bbox 1110 2063 1159 2102; x_wconf 91' lang='lat' dir='ltr'>res</span> <span class='ocrx_word' id='word_1_126' title='bbox 1181 2045 1390 2122; x_wconf 86' lang='lat' dir='ltr'>grammaticas</span> <span class='ocrx_word' id='word_1_127' title='bbox 1406 2045 1599 2104; x_wconf 88' lang='lat' dir='ltr'>utilissimum</span> <span class='ocrx_word' id='word_1_128' title='bbox 1617 2062 1692 2114; x_wconf 84' lang='lat' dir='ltr'>csse3</span> 
     </span>
     <span class='ocr_line' id='line_1_15' title="bbox 367 2145 1693 2223; baseline -0.004 -16"><span class='ocrx_word' id='word_1_129' title='bbox 367 2149 504 2207; x_wconf 89' lang='lat' dir='ltr'>similiter</span> <span class='ocrx_word' id='word_1_130' title='bbox 524 2147 602 2207; x_wconf 88' lang='lat' dir='ltr'>enim</span> <span class='ocrx_word' id='word_1_131' title='bbox 624 2153 748 2204; x_wconf 85' lang='lat' dir='ltr'>utente</span> <span class='ocrx_word' id='word_1_132' title='bbox 770 2147 887 2222; x_wconf 87' lang='lat' dir='ltr'>aliquot</span> <span class='ocrx_word' id='word_1_133' title='bbox 907 2164 1002 2205; x_wconf 90' lang='lat' dir='ltr'>annos</span> <span class='ocrx_word' id='word_1_134' title='bbox 1024 2145 1060 2203; x_wconf 89' lang='lat' dir='ltr'>de</span> <span class='ocrx_word' id='word_1_135' title='bbox 1083 2145 1256 2223; x_wconf 92' lang='lat' dir='ltr'>diplomatis</span> <span class='ocrx_word' id='word_1_136' title='bbox 1273 2155 1479 2204; x_wconf 88' lang='lat' dir='ltr'>veteranorum</span> <span class='ocrx_word' id='word_1_137' title='bbox 1494 2146 1585 2204; x_wconf 88' lang='lat' dir='ltr'>docui</span> <span class='ocrx_word' id='word_1_138' title='bbox 1608 2145 1693 2221; x_wconf 89' lang='lat' dir='ltr'>(Her-</span> 
     </span>
     <span class='ocr_line' id='line_1_16' title="bbox 367 2245 1692 2325; baseline -0.003 -17"><span class='ocrx_word' id='word_1_139' title='bbox 367 2269 433 2308; x_wconf 89' lang='lat' dir='ltr'>mae</span> <span class='ocrx_word' id='word_1_140' title='bbox 454 2248 544 2307; x_wconf 89' lang='lat' dir='ltr'>vol.I</span> <span class='ocrx_word' id='word_1_141' title='bbox 571 2269 601 2325; x_wconf 84' lang='lat' dir='ltr'>p.</span> <span class='ocrx_word' id='word_1_142' title='bbox 620 2245 787 2323; x_wconf 64' lang='lat' dir='ltr'>seneen),</span> <span class='ocrx_word' id='word_1_143' title='bbox 813 2248 856 2304; x_wconf 88' lang='lat' dir='ltr'>ita</span> <span class='ocrx_word' id='word_1_144' title='bbox 882 2247 939 2305; x_wconf 91' lang='lat' dir='ltr'>hoc</span> <span class='ocrx_word' id='word_1_145' title='bbox 966 2265 1084 2322; x_wconf 90' lang='lat' dir='ltr'>quoque</span> <span class='ocrx_word' id='word_1_146' title='bbox 1110 2263 1218 2321; x_wconf 90' lang='lat' dir='ltr'>corpus</span> <span class='ocrx_word' id='word_1_147' title='bbox 1245 2247 1335 2304; x_wconf 89' lang='lat' dir='ltr'>habet</span> <span class='ocrx_word' id='word_1_148' title='bbox 1360 2255 1427 2304; x_wconf 86' lang='lat' dir='ltr'>acta</span> <span class='ocrx_word' id='word_1_149' title='bbox 1452 2265 1601 2305; x_wconf 90' lang='lat' dir='ltr'>annorum</span> <span class='ocrx_word' id='word_1_150' title='bbox 1627 2247 1692 2324; x_wconf 90' lang='lat' dir='ltr'>plus</span> 
     </span>
     <span class='ocr_line' id='line_1_17' title="bbox 367 2345 1694 2424; baseline -0.004 -15"><span class='ocrx_word' id='word_1_151' title='bbox 367 2352 561 2410; x_wconf 89' lang='lat' dir='ltr'>ducentorum</span> <span class='ocrx_word' id='word_1_152' title='bbox 587 2349 625 2406; x_wconf 87' lang='lat' dir='ltr'>ab</span> <span class='ocrx_word' id='word_1_153' title='bbox 646 2347 788 2406; x_wconf 88' lang='lat' dir='ltr'>extremis</span> <span class='ocrx_word' id='word_1_154' title='bbox 807 2347 939 2424; x_wconf 82' lang='lat' dir='ltr'>Augusti</span> <span class='ocrx_word' id='word_1_155' title='bbox 965 2346 1148 2422; x_wconf 89' lang='lat' dir='ltr'>temporibus</span> <span class='ocrx_word' id='word_1_156' title='bbox 1170 2346 1208 2404; x_wconf 91' lang='lat' dir='ltr'>ad</span> <span class='ocrx_word' id='word_1_157' title='bbox 1232 2345 1420 2405; x_wconf 87' lang='lat' dir='ltr'>Gordianum</span> <span class='ocrx_word' id='word_1_158' title='bbox 1441 2347 1557 2406; x_wconf 86' lang='lat' dir='ltr'>Romae</span> <span class='ocrx_word' id='word_1_159' title='bbox 1580 2348 1694 2424; x_wconf 92' lang='lat' dir='ltr'>publice</span> 
     </span>
     <span class='ocr_line' id='line_1_18' title="bbox 366 2447 1694 2526; baseline -0.003 -16"><span class='ocrx_word' id='word_1_160' title='bbox 366 2452 537 2526; x_wconf 88' lang='lat' dir='ltr'>conscripta</span> <span class='ocrx_word' id='word_1_161' title='bbox 557 2456 586 2508; x_wconf 91' lang='lat' dir='ltr'>et</span> <span class='ocrx_word' id='word_1_162' title='bbox 606 2449 650 2507; x_wconf 91' lang='lat' dir='ltr'>ita</span> <span class='ocrx_word' id='word_1_163' title='bbox 670 2457 851 2525; x_wconf 84' lang='lat' dir='ltr'>comparata,</span> <span class='ocrx_word' id='word_1_164' title='bbox 873 2455 907 2506; x_wconf 92' lang='lat' dir='ltr'>ut</span> <span class='ocrx_word' id='word_1_165' title='bbox 929 2447 1089 2524; x_wconf 86' lang='lat' dir='ltr'>quotannis</span> <span class='ocrx_word' id='word_1_166' title='bbox 1112 2447 1138 2505; x_wconf 92' lang='lat' dir='ltr'>si</span> <span class='ocrx_word' id='word_1_167' title='bbox 1159 2465 1220 2504; x_wconf 89' lang='lat' dir='ltr'>non</span> <span class='ocrx_word' id='word_1_168' title='bbox 1240 2447 1357 2519; x_wconf 90' lang='lat' dir='ltr'>iisdem,</span> <span class='ocrx_word' id='word_1_169' title='bbox 1379 2456 1459 2505; x_wconf 89' lang='lat' dir='ltr'>certe</span> <span class='ocrx_word' id='word_1_170' title='bbox 1475 2449 1625 2508; x_wconf 87' lang='lat' dir='ltr'>similibus</span> <span class='ocrx_word' id='word_1_171' title='bbox 1639 2449 1694 2507; x_wconf 88' lang='lat' dir='ltr'>ior-</span> 
     </span>
     <span class='ocr_line' id='line_1_19' title="bbox 366 2547 1693 2626; baseline -0.002 -15"><span class='ocrx_word' id='word_1_172' title='bbox 366 2553 456 2612; x_wconf 89' lang='lat' dir='ltr'>mulis</span> <span class='ocrx_word' id='word_1_173' title='bbox 478 2551 676 2626; x_wconf 89' lang='lat' dir='ltr'>sollemnique</span> <span class='ocrx_word' id='word_1_174' title='bbox 697 2549 860 2608; x_wconf 87' lang='lat' dir='ltr'>earundem</span> <span class='ocrx_word' id='word_1_175' title='bbox 881 2568 979 2606; x_wconf 90' lang='lat' dir='ltr'>rerum</span> <span class='ocrx_word' id='word_1_176' title='bbox 1001 2547 1177 2623; x_wconf 90' lang='lat' dir='ltr'>repetitione</span> <span class='ocrx_word' id='word_1_177' title='bbox 1198 2549 1461 2624; x_wconf 88' lang='lat' dir='ltr'>perscriberentur.</span> <span class='ocrx_word' id='word_1_178' title='bbox 1506 2547 1693 2626; x_wconf 84' lang='lat' dir='ltr'>Quamquam</span> 
     </span>
    </p>
   </div>
   <div class='ocr_carea' id='block_1_7' title="bbox 366 2648 1798 2731">
    <p class='ocr_par' dir='ltr' id='par_1_8' title="bbox 366 2648 1798 2731">
     <span class='ocr_line' id='line_1_20' title="bbox 366 2648 1798 2731; baseline -0.003 -19"><span class='ocrx_word' id='word_1_179' title='bbox 366 2652 555 2731; x_wconf 88' lang='lat' dir='ltr'>diplomatis,</span> <span class='ocrx_word' id='word_1_180' title='bbox 581 2651 613 2708; x_wconf 93' lang='lat' dir='ltr'>id</span> <span class='ocrx_word' id='word_1_181' title='bbox 634 2660 680 2710; x_wconf 90' lang='lat' dir='ltr'>est</span> <span class='ocrx_word' id='word_1_182' title='bbox 700 2650 817 2727; x_wconf 88' lang='lat' dir='ltr'>legibus</span> <span class='ocrx_word' id='word_1_183' title='bbox 838 2649 1028 2724; x_wconf 90' lang='lat' dir='ltr'>imperatoris</span> <span class='ocrx_word' id='word_1_184' title='bbox 1053 2649 1139 2706; x_wconf 92' lang='lat' dir='ltr'>iussu</span> <span class='ocrx_word' id='word_1_185' title='bbox 1167 2648 1204 2706; x_wconf 86' lang='lat' dir='ltr'>ab</span> <span class='ocrx_word' id='word_1_186' title='bbox 1229 2649 1267 2706; x_wconf 91' lang='lat' dir='ltr'>iis</span> <span class='ocrx_word' id='word_1_187' title='bbox 1289 2649 1396 2724; x_wconf 90' lang='lat' dir='ltr'>quibus</span> <span class='ocrx_word' id='word_1_188' title='bbox 1418 2650 1449 2710; x_wconf 93' lang='lat' dir='ltr'>id</span> <span class='ocrx_word' id='word_1_189' title='bbox 1469 2651 1624 2727; x_wconf 87' lang='lat' dir='ltr'>negotium</span> <span class='ocrx_word' id='word_1_190' title='bbox 1644 2672 1694 2728; x_wconf 90' lang='lat' dir='ltr'>pu·</span> <span class='ocrx_word' id='word_1_191' title='bbox 1797 2685 1798 2694; x_wconf 33' lang='grc' dir='ltr'>ι</span> 
     </span>
    </p>
   </div>
   <div class='ocr_carea' id='block_1_8' title="bbox 366 2749 1694 3636">
    <p class='ocr_par' dir='ltr' id='par_1_9' title="bbox 366 2749 1694 3636">
     <span class='ocr_line' id='line_1_21' title="bbox 366 2749 1692 2829; baseline -0.002 -16"><span class='ocrx_word' id='word_1_192' title='bbox 366 2753 444 2814; x_wconf 87' lang='lat' dir='ltr'>blico</span> <span class='ocrx_word' id='word_1_193' title='bbox 465 2753 569 2812; x_wconf 90' lang='lat' dir='ltr'>datum</span> <span class='ocrx_word' id='word_1_194' title='bbox 590 2758 670 2810; x_wconf 90' lang='lat' dir='ltr'>esset</span> <span class='ocrx_word' id='word_1_195' title='bbox 690 2751 843 2828; x_wconf 92' lang='lat' dir='ltr'>conceptis</span> <span class='ocrx_word' id='word_1_196' title='bbox 865 2759 895 2808; x_wconf 88' lang='lat' dir='ltr'>et</span> <span class='ocrx_word' id='word_1_197' title='bbox 921 2750 996 2810; x_wconf 88' lang='lat' dir='ltr'>satis</span> <span class='ocrx_word' id='word_1_198' title='bbox 1018 2749 1173 2826; x_wconf 80' lang='lat' dir='ltr'>diligenter</span> <span class='ocrx_word' id='word_1_199' title='bbox 1194 2749 1299 2807; x_wconf 88' lang='lat' dir='ltr'>deinde</span> <span class='ocrx_word' id='word_1_200' title='bbox 1321 2769 1360 2807; x_wconf 85' lang='lat' dir='ltr'>ex</span> <span class='ocrx_word' id='word_1_201' title='bbox 1381 2769 1450 2808; x_wconf 87' lang='lat' dir='ltr'>aere</span> <span class='ocrx_word' id='word_1_202' title='bbox 1471 2751 1574 2828; x_wconf 88' lang='lat' dir='ltr'>palam</span> <span class='ocrx_word' id='word_1_203' title='bbox 1590 2771 1692 2829; x_wconf 86' lang='lat' dir='ltr'>propo·</span> 
     </span>
     <span class='ocr_line' id='line_1_22' title="bbox 368 2850 1693 2929; baseline 0 -17"><span class='ocrx_word' id='word_1_204' title='bbox 368 2855 426 2914; x_wconf 92' lang='lat' dir='ltr'>sito</span> <span class='ocrx_word' id='word_1_205' title='bbox 448 2852 605 2928; x_wconf 88' lang='lat' dir='ltr'>descriptis</span> <span class='ocrx_word' id='word_1_206' title='bbox 627 2859 658 2910; x_wconf 88' lang='lat' dir='ltr'>et</span> <span class='ocrx_word' id='word_1_207' title='bbox 677 2851 848 2929; x_wconf 87' lang='lat' dir='ltr'>recognitis,</span> <span class='ocrx_word' id='word_1_208' title='bbox 871 2859 941 2909; x_wconf 86' lang='lat' dir='ltr'>acta</span> <span class='ocrx_word' id='word_1_209' title='bbox 959 2851 1033 2909; x_wconf 89' lang='lat' dir='ltr'>haec</span> <span class='ocrx_word' id='word_1_210' title='bbox 1053 2851 1143 2926; x_wconf 85' lang='lat' dir='ltr'>longe</span> <span class='ocrx_word' id='word_1_211' title='bbox 1163 2850 1307 2908; x_wconf 86' lang='lat' dir='ltr'>inferiora</span> <span class='ocrx_word' id='word_1_212' title='bbox 1328 2858 1408 2923; x_wconf 90' lang='lat' dir='ltr'>sunt,</span> <span class='ocrx_word' id='word_1_213' title='bbox 1429 2852 1461 2910; x_wconf 91' lang='lat' dir='ltr'>in</span> <span class='ocrx_word' id='word_1_214' title='bbox 1478 2852 1582 2929; x_wconf 92' lang='lat' dir='ltr'>lapide</span> <span class='ocrx_word' id='word_1_215' title='bbox 1602 2853 1693 2912; x_wconf 89' lang='lat' dir='ltr'>incisa</span> 
     </span>
     <span class='ocr_line' id='line_1_23' title="bbox 367 2951 1692 3031; baseline 0 -17"><span class='ocrx_word' id='word_1_216' title='bbox 367 2975 387 3014; x_wconf 84' lang='lat' dir='ltr'>a</span> <span class='ocrx_word' id='word_1_217' title='bbox 412 2971 500 3012; x_wconf 88' lang='lat' dir='ltr'>servo</span> <span class='ocrx_word' id='word_1_218' title='bbox 526 2953 647 3029; x_wconf 92' lang='lat' dir='ltr'>publico</span> <span class='ocrx_word' id='word_1_219' title='bbox 674 2953 801 3028; x_wconf 90' lang='lat' dir='ltr'>collegio</span> <span class='ocrx_word' id='word_1_220' title='bbox 823 2951 860 3009; x_wconf 89' lang='lat' dir='ltr'>ad</span> <span class='ocrx_word' id='word_1_221' title='bbox 882 2952 912 3010; x_wconf 91' lang='lat' dir='ltr'>id</span> <span class='ocrx_word' id='word_1_222' title='bbox 933 2951 1031 3026; x_wconf 91' lang='lat' dir='ltr'>ipsum</span> <span class='ocrx_word' id='word_1_223' title='bbox 1053 2952 1198 3010; x_wconf 86' lang='lat' dir='ltr'>attributo</span> <span class='ocrx_word' id='word_1_224' title='bbox 1219 2970 1316 3027; x_wconf 89' lang='lat' dir='ltr'>neque</span> <span class='ocrx_word' id='word_1_225' title='bbox 1338 2953 1445 3029; x_wconf 91' lang='lat' dir='ltr'>opinor</span> <span class='ocrx_word' id='word_1_226' title='bbox 1466 2963 1591 3031; x_wconf 85' lang='lat' dir='ltr'>propter</span> <span class='ocrx_word' id='word_1_227' title='bbox 1612 2973 1692 3014; x_wconf 91' lang='lat' dir='ltr'>usum</span> 
     </span>
     <span class='ocr_line' id='line_1_24' title="bbox 368 3052 1694 3131; baseline 0 -15"><span class='ocrx_word' id='word_1_228' title='bbox 368 3054 514 3116; x_wconf 75' lang='lat' dir='ltr'>tractandi</span> <span class='ocrx_word' id='word_1_229' title='bbox 547 3072 583 3111; x_wconf 90' lang='lat' dir='ltr'>ea</span> <span class='ocrx_word' id='word_1_230' title='bbox 615 3063 645 3112; x_wconf 90' lang='lat' dir='ltr'>et</span> <span class='ocrx_word' id='word_1_231' title='bbox 677 3053 881 3125; x_wconf 90' lang='lat' dir='ltr'>describendi,</span> <span class='ocrx_word' id='word_1_232' title='bbox 913 3052 967 3112; x_wconf 92' lang='lat' dir='ltr'>sed</span> <span class='ocrx_word' id='word_1_233' title='bbox 996 3062 1030 3110; x_wconf 90' lang='lat' dir='ltr'>ut</span> <span class='ocrx_word' id='word_1_234' title='bbox 1061 3053 1330 3129; x_wconf 88' lang='lat' dir='ltr'>quomodocunque</span> <span class='ocrx_word' id='word_1_235' title='bbox 1362 3055 1530 3131; x_wconf 85' lang='lat' dir='ltr'>perscripta</span> <span class='ocrx_word' id='word_1_236' title='bbox 1562 3063 1694 3116; x_wconf 83' lang='lat' dir='ltr'>extarent</span> 
     </span>
     <span class='ocr_line' id='line_1_25' title="bbox 367 3151 1692 3234; baseline 0.001 -22"><span class='ocrx_word' id='word_1_237' title='bbox 367 3163 492 3234; x_wconf 89' lang='lat' dir='ltr'>propter</span> <span class='ocrx_word' id='word_1_238' title='bbox 518 3154 693 3232; x_wconf 85' lang='lat' dir='ltr'>religionem</span> <span class='ocrx_word' id='word_1_239' title='bbox 721 3155 822 3213; x_wconf 90' lang='lat' dir='ltr'>nescio</span> <span class='ocrx_word' id='word_1_240' title='bbox 849 3172 947 3230; x_wconf 91' lang='lat' dir='ltr'>quam.</span> <span class='ocrx_word' id='word_1_241' title='bbox 998 3151 1078 3212; x_wconf 86' lang='lat' dir='ltr'>Saue</span> <span class='ocrx_word' id='word_1_242' title='bbox 1104 3153 1152 3211; x_wconf 92' lang='lat' dir='ltr'>vel</span> <span class='ocrx_word' id='word_1_243' title='bbox 1180 3153 1244 3212; x_wconf 89' lang='lat' dir='ltr'>sola</span> <span class='ocrx_word' id='word_1_244' title='bbox 1270 3153 1438 3214; x_wconf 87' lang='lat' dir='ltr'>litteratura</span> <span class='ocrx_word' id='word_1_245' title='bbox 1464 3157 1623 3233; x_wconf 89' lang='lat' dir='ltr'>utriusque</span> <span class='ocrx_word' id='word_1_246' title='bbox 1649 3175 1692 3233; x_wconf 90' lang='lat' dir='ltr'>ge·</span> 
     </span>
     <span class='ocr_line' id='line_1_26' title="bbox 368 3254 1694 3332; baseline 0.002 -18"><span class='ocrx_word' id='word_1_247' title='bbox 368 3257 448 3316; x_wconf 87' lang='lat' dir='ltr'>ueris</span> <span class='ocrx_word' id='word_1_248' title='bbox 475 3255 717 3314; x_wconf 87' lang='lat' dir='ltr'>documentorum</span> <span class='ocrx_word' id='word_1_249' title='bbox 744 3274 810 3314; x_wconf 89' lang='lat' dir='ltr'>eam</span> <span class='ocrx_word' id='word_1_250' title='bbox 836 3254 1033 3312; x_wconf 86' lang='lat' dir='ltr'>differentiam</span> <span class='ocrx_word' id='word_1_251' title='bbox 1059 3255 1137 3314; x_wconf 90' lang='lat' dir='ltr'>clare</span> <span class='ocrx_word' id='word_1_252' title='bbox 1163 3255 1316 3330; x_wconf 84' lang='lat' dir='ltr'>proponit3</span> <span class='ocrx_word' id='word_1_253' title='bbox 1344 3274 1413 3312; x_wconf 89' lang='lat' dir='ltr'>nam</span> <span class='ocrx_word' id='word_1_254' title='bbox 1438 3274 1505 3314; x_wconf 93' lang='lat' dir='ltr'>cum</span> <span class='ocrx_word' id='word_1_255' title='bbox 1532 3257 1694 3332; x_wconf 88' lang='lat' dir='ltr'>diplomata</span> 
     </span>
     <span class='ocr_line' id='line_1_27' title="bbox 368 3356 1693 3435; baseline 0.002 -21"><span class='ocrx_word' id='word_1_256' title='bbox 368 3356 527 3415; x_wconf 88' lang='lat' dir='ltr'>ostendant</span> <span class='ocrx_word' id='word_1_257' title='bbox 552 3356 728 3431; x_wconf 86' lang='lat' dir='ltr'>quadratam</span> <span class='ocrx_word' id='word_1_258' title='bbox 755 3364 785 3413; x_wconf 88' lang='lat' dir='ltr'>et</span> <span class='ocrx_word' id='word_1_259' title='bbox 809 3356 919 3414; x_wconf 89' lang='lat' dir='ltr'>iustam</span> <span class='ocrx_word' id='word_1_260' title='bbox 945 3363 976 3414; x_wconf 88' lang='lat' dir='ltr'>et</span> <span class='ocrx_word' id='word_1_261' title='bbox 1001 3356 1132 3414; x_wconf 87' lang='lat' dir='ltr'>maxime</span> <span class='ocrx_word' id='word_1_262' title='bbox 1158 3357 1255 3433; x_wconf 93' lang='lat' dir='ltr'>primo</span> <span class='ocrx_word' id='word_1_263' title='bbox 1282 3356 1400 3414; x_wconf 86' lang='lat' dir='ltr'>sacculo</span> <span class='ocrx_word' id='word_1_264' title='bbox 1425 3356 1513 3432; x_wconf 85' lang='lat' dir='ltr'>longe</span> <span class='ocrx_word' id='word_1_265' title='bbox 1534 3359 1693 3435; x_wconf 90' lang='lat' dir='ltr'>pulcherri-</span> 
     </span>
     <span class='ocr_line' id='line_1_28' title="bbox 367 3457 1693 3533; baseline 0.002 -19"><span class='ocrx_word' id='word_1_266' title='bbox 367 3475 457 3529; x_wconf 91' lang='lat' dir='ltr'>mam,</span> <span class='ocrx_word' id='word_1_267' title='bbox 479 3465 545 3514; x_wconf 88' lang='lat' dir='ltr'>acta</span> <span class='ocrx_word' id='word_1_268' title='bbox 559 3457 727 3528; x_wconf 86' lang='lat' dir='ltr'>Arvalium,</span> <span class='ocrx_word' id='word_1_269' title='bbox 748 3473 876 3532; x_wconf 89' lang='lat' dir='ltr'>quorum</span> <span class='ocrx_word' id='word_1_270' title='bbox 898 3457 1065 3533; x_wconf 90' lang='lat' dir='ltr'>scripturae</span> <span class='ocrx_word' id='word_1_271' title='bbox 1086 3457 1236 3533; x_wconf 90' lang='lat' dir='ltr'>specimen</span> <span class='ocrx_word' id='word_1_272' title='bbox 1257 3466 1393 3516; x_wconf 87' lang='lat' dir='ltr'>accurate</span> <span class='ocrx_word' id='word_1_273' title='bbox 1415 3457 1559 3517; x_wconf 87' lang='lat' dir='ltr'>selectum</span> <span class='ocrx_word' id='word_1_274' title='bbox 1579 3460 1693 3518; x_wconf 82' lang='lat' dir='ltr'>tabulae</span> 
     </span>
     <span class='ocr_line' id='line_1_29' title="bbox 368 3555 1693 3636; baseline 0.005 -22"><span class='ocrx_word' id='word_1_275' title='bbox 368 3555 582 3616; x_wconf 84' lang='lat' dir='ltr'>Hennenianae</span> <span class='ocrx_word' id='word_1_276' title='bbox 610 3557 747 3616; x_wconf 89' lang='lat' dir='ltr'>relationi</span> <span class='ocrx_word' id='word_1_277' title='bbox 778 3558 912 3616; x_wconf 88' lang='lat' dir='ltr'>adiectae</span> <span class='ocrx_word' id='word_1_278' title='bbox 937 3565 1121 3635; x_wconf 85' lang='lat' dir='ltr'>proponunt,</span> <span class='ocrx_word' id='word_1_279' title='bbox 1147 3557 1215 3634; x_wconf 92' lang='lat' dir='ltr'>ipso</span> <span class='ocrx_word' id='word_1_280' title='bbox 1241 3559 1338 3635; x_wconf 91' lang='lat' dir='ltr'>primo</span> <span class='ocrx_word' id='word_1_281' title='bbox 1360 3558 1480 3617; x_wconf 84' lang='lat' dir='ltr'>saeculo</span> <span class='ocrx_word' id='word_1_282' title='bbox 1502 3559 1541 3618; x_wconf 88' lang='lat' dir='ltr'>ad</span> <span class='ocrx_word' id='word_1_283' title='bbox 1563 3561 1693 3636; x_wconf 84' lang='lat' dir='ltr'>antiqua-</span> 
     </span>
    </p>
   </div>
   <div class='ocr_carea' id='block_1_9' title="bbox 367 3657 1799 3737">
    <p class='ocr_par' dir='ltr' id='par_1_10' title="bbox 367 3657 1799 3737">
     <span class='ocr_line' id='line_1_30' title="bbox 367 3657 1799 3737; baseline 0.002 -21"><span class='ocrx_word' id='word_1_284' title='bbox 367 3659 481 3716; x_wconf 91' lang='lat' dir='ltr'>riorum</span> <span class='ocrx_word' id='word_1_285' title='bbox 502 3659 681 3734; x_wconf 89' lang='lat' dir='ltr'>scripturam</span> <span class='ocrx_word' id='word_1_286' title='bbox 702 3659 893 3734; x_wconf 88' lang='lat' dir='ltr'>aliquatenus</span> <span class='ocrx_word' id='word_1_287' title='bbox 915 3657 1066 3717; x_wconf 89' lang='lat' dir='ltr'>declinant</span> <span class='ocrx_word' id='word_1_288' title='bbox 1087 3678 1141 3716; x_wconf 91' lang='lat' dir='ltr'>nec</span> <span class='ocrx_word' id='word_1_289' title='bbox 1163 3659 1287 3718; x_wconf 90' lang='lat' dir='ltr'>multam</span> <span class='ocrx_word' id='word_1_290' title='bbox 1303 3659 1446 3720; x_wconf 88' lang='lat' dir='ltr'>recedunt</span> <span class='ocrx_word' id='word_1_291' title='bbox 1459 3679 1478 3717; x_wconf 91' lang='lat' dir='ltr'>a</span> <span class='ocrx_word' id='word_1_292' title='bbox 1492 3661 1589 3720; x_wconf 87' lang='lat' dir='ltr'>titulis</span> <span class='ocrx_word' id='word_1_293' title='bbox 1605 3663 1692 3737; x_wconf 92' lang='lat' dir='ltr'>scrip·</span> <span class='ocrx_word' id='word_1_294' title='bbox 1798 3703 1799 3708; x_wconf 20' lang='grc' dir='ltr'>ι</span> 
     </span>
    </p>
   </div>
   <div class='ocr_carea' id='block_1_10' title="bbox 366 3759 1779 4945">
    <p class='ocr_par' dir='ltr' id='par_1_11' title="bbox 366 3759 1779 4945">
     <span class='ocr_line' id='line_1_31' title="bbox 367 3759 1692 3839; baseline 0.004 -23"><span class='ocrx_word' id='word_1_295' title='bbox 367 3759 407 3816; x_wconf 91' lang='lat' dir='ltr'>tis</span> <span class='ocrx_word' id='word_1_296' title='bbox 433 3759 465 3816; x_wconf 94' lang='lat' dir='ltr'>in</span> <span class='ocrx_word' id='word_1_297' title='bbox 490 3759 655 3836; x_wconf 86' lang='lat' dir='ltr'>parietibus</span> <span class='ocrx_word' id='word_1_298' title='bbox 677 3759 871 3836; x_wconf 89' lang='lat' dir='ltr'>Pompeianis</span> <span class='ocrx_word' id='word_1_299' title='bbox 897 3760 1026 3818; x_wconf 90' lang='lat' dir='ltr'>carbone</span> <span class='ocrx_word' id='word_1_300' title='bbox 1047 3760 1096 3818; x_wconf 90' lang='lat' dir='ltr'>vel</span> <span class='ocrx_word' id='word_1_301' title='bbox 1121 3761 1255 3832; x_wconf 90' lang='lat' dir='ltr'>rubrica,</span> <span class='ocrx_word' id='word_1_302' title='bbox 1282 3778 1408 3836; x_wconf 92' lang='lat' dir='ltr'>quorum</span> <span class='ocrx_word' id='word_1_303' title='bbox 1435 3761 1583 3820; x_wconf 87' lang='lat' dir='ltr'>elementa</span> <span class='ocrx_word' id='word_1_304' title='bbox 1604 3782 1692 3839; x_wconf 86' lang='lat' dir='ltr'>nuper</span> 
     </span>
     <span class='ocr_line' id='line_1_32' title="bbox 368 3858 1691 3940; baseline 0.005 -24"><span class='ocrx_word' id='word_1_305' title='bbox 368 3858 414 3916; x_wconf 88' lang='lat' dir='ltr'>vir</span> <span class='ocrx_word' id='word_1_306' title='bbox 438 3859 470 3915; x_wconf 90' lang='lat' dir='ltr'>in</span> <span class='ocrx_word' id='word_1_307' title='bbox 494 3859 552 3918; x_wconf 94' lang='lat' dir='ltr'>hoc</span> <span class='ocrx_word' id='word_1_308' title='bbox 578 3858 696 3934; x_wconf 92' lang='lat' dir='ltr'>quidem</span> <span class='ocrx_word' id='word_1_309' title='bbox 724 3861 890 3918; x_wconf 87' lang='lat' dir='ltr'>studiorum</span> <span class='ocrx_word' id='word_1_310' title='bbox 912 3879 1020 3938; x_wconf 89' lang='lat' dir='ltr'>genere</span> <span class='ocrx_word' id='word_1_311' title='bbox 1045 3860 1134 3920; x_wconf 89' lang='lat' dir='ltr'>hodie</span> <span class='ocrx_word' id='word_1_312' title='bbox 1156 3861 1243 3920; x_wconf 84' lang='lat' dir='ltr'>facile</span> <span class='ocrx_word' id='word_1_313' title='bbox 1263 3861 1404 3938; x_wconf 90' lang='lat' dir='ltr'>princeps</span> <span class='ocrx_word' id='word_1_314' title='bbox 1427 3859 1555 3922; x_wconf 80' lang='lat' dir='ltr'>Carolus</span> <span class='ocrx_word' id='word_1_315' title='bbox 1583 3864 1691 3940; x_wconf 86' lang='lat' dir='ltr'>Zange-</span> 
     </span>
     <span class='ocr_line' id='line_1_33' title="bbox 368 3958 1691 4040; baseline 0.005 -24"><span class='ocrx_word' id='word_1_316' title='bbox 368 3958 490 4017; x_wconf 86' lang='lat' dir='ltr'>msister</span> <span class='ocrx_word' id='word_1_317' title='bbox 514 3960 547 4017; x_wconf 90' lang='lat' dir='ltr'>in</span> <span class='ocrx_word' id='word_1_318' title='bbox 573 3959 733 4018; x_wconf 88' lang='lat' dir='ltr'>voluminis</span> <span class='ocrx_word' id='word_1_319' title='bbox 759 3962 856 4038; x_wconf 90' lang='lat' dir='ltr'>quarti</span> <span class='ocrx_word' id='word_1_320' title='bbox 877 3963 981 4022; x_wconf 84' lang='lat' dir='ltr'>tabula</span> <span class='ocrx_word' id='word_1_321' title='bbox 1001 3963 1099 4038; x_wconf 92' lang='lat' dir='ltr'>prima</span> <span class='ocrx_word' id='word_1_322' title='bbox 1120 3972 1256 4021; x_wconf 88' lang='lat' dir='ltr'>accurate</span> <span class='ocrx_word' id='word_1_323' title='bbox 1277 3964 1524 4039; x_wconf 86' lang='lat' dir='ltr'>repraesentavit.</span> <span class='ocrx_word' id='word_1_324' title='bbox 1568 3962 1691 4040; x_wconf 82' lang='lat' dir='ltr'>Compa-</span> 
     </span>
     <span class='ocr_line' id='line_1_34' title="bbox 368 4058 1690 4140; baseline 0.002 -22"><span class='ocrx_word' id='word_1_325' title='bbox 368 4069 451 4118; x_wconf 86' lang='lat' dir='ltr'>retur</span> <span class='ocrx_word' id='word_1_326' title='bbox 471 4058 549 4119; x_wconf 91' lang='lat' dir='ltr'>inter</span> <span class='ocrx_word' id='word_1_327' title='bbox 570 4060 632 4118; x_wconf 90' lang='lat' dir='ltr'>alia</span> <span class='ocrx_word' id='word_1_328' title='bbox 653 4061 791 4121; x_wconf 89' lang='lat' dir='ltr'>elementi</span> <span class='ocrx_word' id='word_1_329' title='bbox 812 4082 832 4120; x_wconf 82' lang='lat' dir='ltr'>a</span> <span class='ocrx_word' id='word_1_330' title='bbox 852 4063 949 4140; x_wconf 87' lang='lat' dir='ltr'>figura</span> <span class='ocrx_word' id='word_1_331' title='bbox 968 4065 999 4124; x_wconf 92' lang='lat' dir='ltr'>in</span> <span class='ocrx_word' id='word_1_332' title='bbox 1021 4064 1169 4140; x_wconf 89' lang='lat' dir='ltr'>scriptura</span> <span class='ocrx_word' id='word_1_333' title='bbox 1193 4065 1337 4139; x_wconf 88' lang='lat' dir='ltr'>quadrata</span> <span class='ocrx_word' id='word_1_334' title='bbox 1358 4065 1438 4123; x_wconf 88' lang='lat' dir='ltr'>iusta</span> <span class='ocrx_word' id='word_1_335' title='bbox 1459 4083 1578 4140; x_wconf 90' lang='lat' dir='ltr'>semper</span> <span class='ocrx_word' id='word_1_336' title='bbox 1594 4066 1690 4124; x_wconf 85' lang='lat' dir='ltr'>exiens</span> 
     </span>
     <span class='ocr_line' id='line_1_35' title="bbox 367 4159 1691 4242; baseline 0.004 -24"><span class='ocrx_word' id='word_1_337' title='bbox 367 4161 399 4218; x_wconf 86' lang='lat' dir='ltr'>in</span> <span class='ocrx_word' id='word_1_338' title='bbox 425 4159 567 4236; x_wconf 84' lang='lat' dir='ltr'>angulum</span> <span class='ocrx_word' id='word_1_339' title='bbox 594 4169 727 4233; x_wconf 87' lang='lat' dir='ltr'>acutum,</span> <span class='ocrx_word' id='word_1_340' title='bbox 755 4163 787 4220; x_wconf 91' lang='lat' dir='ltr'>in</span> <span class='ocrx_word' id='word_1_341' title='bbox 813 4165 888 4223; x_wconf 87' lang='lat' dir='ltr'>actis</span> <span class='ocrx_word' id='word_1_342' title='bbox 909 4173 1009 4222; x_wconf 83' lang='lat' dir='ltr'>autem</span> <span class='ocrx_word' id='word_1_343' title='bbox 1029 4165 1126 4222; x_wconf 81' lang='lat' dir='ltr'>titulis</span> <span class='ocrx_word' id='word_1_344' title='bbox 1148 4165 1317 4242; x_wconf 88' lang='lat' dir='ltr'>parietariis</span> <span class='ocrx_word' id='word_1_345' title='bbox 1339 4184 1392 4240; x_wconf 90' lang='lat' dir='ltr'>per</span> <span class='ocrx_word' id='word_1_346' title='bbox 1413 4165 1522 4242; x_wconf 80' lang='lat' dir='ltr'>gradrm</span> <span class='ocrx_word' id='word_1_347' title='bbox 1545 4167 1691 4226; x_wconf 92' lang='lat' dir='ltr'>declinans</span> 
     </span>
     <span class='ocr_line' id='line_1_36' title="bbox 368 4261 1690 4342; baseline 0.005 -24"><span class='ocrx_word' id='word_1_348' title='bbox 368 4261 408 4318; x_wconf 90' lang='lat' dir='ltr'>ad</span> <span class='ocrx_word' id='word_1_349' title='bbox 435 4261 562 4338; x_wconf 64' lang='lat' dir='ltr'>figrrram</span> <span class='ocrx_word' id='word_1_350' title='bbox 591 4263 805 4322; x_wconf 90' lang='lat' dir='ltr'>subrotundam</span> <span class='ocrx_word' id='word_1_351' title='bbox 831 4282 853 4324; x_wconf 90' lang='grc' dir='ltr'><strong>υ</strong></span> <span class='ocrx_word' id='word_1_352' title='bbox 874 4265 965 4323; x_wconf 89' lang='lat' dir='ltr'>talem</span> <span class='ocrx_word' id='word_1_353' title='bbox 987 4265 1064 4337; x_wconf 88' lang='lat' dir='ltr'>fere,</span> <span class='ocrx_word' id='word_1_354' title='bbox 1089 4265 1187 4342; x_wconf 90' lang='lat' dir='ltr'>qualis</span> <span class='ocrx_word' id='word_1_355' title='bbox 1212 4267 1343 4342; x_wconf 89' lang='lat' dir='ltr'>pingitur</span> <span class='ocrx_word' id='word_1_356' title='bbox 1367 4266 1399 4324; x_wconf 90' lang='lat' dir='ltr'>in</span> <span class='ocrx_word' id='word_1_357' title='bbox 1419 4285 1535 4342; x_wconf 88' lang='lat' dir='ltr'>papyro</span> <span class='ocrx_word' id='word_1_358' title='bbox 1557 4268 1690 4326; x_wconf 85' lang='lat' dir='ltr'>carminis</span> 
     </span>
     <span class='ocr_line' id='line_1_37' title="bbox 367 4361 1691 4444; baseline 0.005 -24"><span class='ocrx_word' id='word_1_359' title='bbox 367 4361 523 4422; x_wconf 83' lang='lat' dir='ltr'>Rabiriani</span> <span class='ocrx_word' id='word_1_360' title='bbox 554 4361 789 4437; x_wconf 86' lang='lat' dir='ltr'>Herculaneusi3</span> <span class='ocrx_word' id='word_1_361' title='bbox 825 4367 902 4424; x_wconf 92' lang='lat' dir='ltr'>unde</span> <span class='ocrx_word' id='word_1_362' title='bbox 933 4365 1041 4424; x_wconf 88' lang='lat' dir='ltr'>deinde</span> <span class='ocrx_word' id='word_1_363' title='bbox 1072 4367 1233 4443; x_wconf 90' lang='lat' dir='ltr'>antiquarii</span> <span class='ocrx_word' id='word_1_364' title='bbox 1265 4368 1372 4425; x_wconf 87' lang='lat' dir='ltr'>aetatis</span> <span class='ocrx_word' id='word_1_365' title='bbox 1403 4367 1549 4440; x_wconf 90' lang='lat' dir='ltr'>labentis,</span> <span class='ocrx_word' id='word_1_366' title='bbox 1581 4379 1618 4428; x_wconf 86' lang='lat' dir='ltr'>ut</span> <span class='ocrx_word' id='word_1_367' title='bbox 1645 4367 1691 4444; x_wconf 88' lang='lat' dir='ltr'>qui</span> 
     </span>
     <span class='ocr_line' id='line_1_38' title="bbox 368 4463 1689 4545; baseline 0.005 -25"><span class='ocrx_word' id='word_1_368' title='bbox 368 4463 553 4540; x_wconf 88' lang='lat' dir='ltr'>scripserunt</span> <span class='ocrx_word' id='word_1_369' title='bbox 575 4463 703 4540; x_wconf 87' lang='lat' dir='ltr'>Digesta</span> <span class='ocrx_word' id='word_1_370' title='bbox 717 4465 901 4540; x_wconf 80' lang='lat' dir='ltr'>Florentino,</span> <span class='ocrx_word' id='word_1_371' title='bbox 922 4467 1057 4526; x_wconf 87' lang='lat' dir='ltr'>fecerunt</span> <span class='ocrx_word' id='word_1_372' title='bbox 1077 4469 1203 4545; x_wconf 88' lang='lat' dir='ltr'>figuram</span> <span class='ocrx_word' id='word_1_373' title='bbox 1228 4487 1257 4528; x_wconf 93' lang='lat' dir='ltr'>u.</span> <span class='ocrx_word' id='word_1_374' title='bbox 1302 4465 1447 4528; x_wconf 86' lang='lat' dir='ltr'>Similiter</span> <span class='ocrx_word' id='word_1_375' title='bbox 1467 4488 1487 4526; x_wconf 84' lang='lat' dir='ltr'>a</span> <span class='ocrx_word' id='word_1_376' title='bbox 1507 4469 1609 4528; x_wconf 86' lang='lat' dir='ltr'>littera</span> <span class='ocrx_word' id='word_1_377' title='bbox 1629 4488 1689 4528; x_wconf 91' lang='lat' dir='ltr'>cum</span> 
     </span>
     <span class='ocr_line' id='line_1_39' title="bbox 367 4563 1690 4645; baseline 0.005 -23"><span class='ocrx_word' id='word_1_378' title='bbox 367 4564 399 4626; x_wconf 88' lang='lat' dir='ltr'>ia</span> <span class='ocrx_word' id='word_1_379' title='bbox 427 4563 599 4640; x_wconf 89' lang='lat' dir='ltr'>diplomatis</span> <span class='ocrx_word' id='word_1_380' title='bbox 625 4566 758 4624; x_wconf 88' lang='lat' dir='ltr'>melioris</span> <span class='ocrx_word' id='word_1_381' title='bbox 785 4569 893 4626; x_wconf 86' lang='lat' dir='ltr'>aetatis</span> <span class='ocrx_word' id='word_1_382' title='bbox 919 4568 961 4626; x_wconf 89' lang='lat' dir='ltr'>sic</span> <span class='ocrx_word' id='word_1_383' title='bbox 987 4569 1052 4626; x_wconf 82' lang='lat' dir='ltr'>fere</span> <span class='ocrx_word' id='word_1_384' title='bbox 1078 4569 1219 4645; x_wconf 87' lang='lat' dir='ltr'>pingatur</span> <span class='ocrx_word' id='word_1_385' title='bbox 1244 4585 1280 4641; x_wconf 83' lang='grc' dir='ltr'>Ν,</span> <span class='ocrx_word' id='word_1_386' title='bbox 1309 4570 1341 4628; x_wconf 90' lang='lat' dir='ltr'>iu</span> <span class='ocrx_word' id='word_1_387' title='bbox 1367 4569 1461 4627; x_wconf 89' lang='lat' dir='ltr'>titulis</span> <span class='ocrx_word' id='word_1_388' title='bbox 1490 4570 1579 4644; x_wconf 89' lang='lat' dir='ltr'>pictis</span> <span class='ocrx_word' id='word_1_389' title='bbox 1604 4569 1690 4628; x_wconf 92' lang='lat' dir='ltr'>Pom·</span> 
     </span>
     <span class='ocr_line' id='line_1_40' title="bbox 369 4663 1690 4746; baseline 0.005 -25"><span class='ocrx_word' id='word_1_390' title='bbox 369 4663 484 4740; x_wconf 89' lang='lat' dir='ltr'>peianis</span> <span class='ocrx_word' id='word_1_391' title='bbox 512 4675 542 4723; x_wconf 90' lang='lat' dir='ltr'>et</span> <span class='ocrx_word' id='word_1_392' title='bbox 565 4666 597 4724; x_wconf 89' lang='lat' dir='ltr'>in</span> <span class='ocrx_word' id='word_1_393' title='bbox 623 4667 698 4725; x_wconf 88' lang='lat' dir='ltr'>actis</span> <span class='ocrx_word' id='word_1_394' title='bbox 719 4667 878 4726; x_wconf 88' lang='lat' dir='ltr'>Arvalium</span> <span class='ocrx_word' id='word_1_395' title='bbox 905 4677 935 4726; x_wconf 90' lang='lat' dir='ltr'>et</span> <span class='ocrx_word' id='word_1_396' title='bbox 959 4668 992 4726; x_wconf 92' lang='lat' dir='ltr'>in</span> <span class='ocrx_word' id='word_1_397' title='bbox 1017 4687 1133 4746; x_wconf 84' lang='lat' dir='ltr'>papyro</span> <span class='ocrx_word' id='word_1_398' title='bbox 1158 4669 1212 4728; x_wconf 94' lang='lat' dir='ltr'>illo</span> <span class='ocrx_word' id='word_1_399' title='bbox 1238 4669 1280 4728; x_wconf 90' lang='lat' dir='ltr'>sic</span> <span class='ocrx_word' id='word_1_400' title='bbox 1301 4670 1363 4728; x_wconf 86' lang='lat' dir='ltr'>fere</span> <span class='ocrx_word' id='word_1_401' title='bbox 1384 4670 1515 4730; x_wconf 88' lang='lat' dir='ltr'>cernitur</span> <span class='ocrx_word' id='word_1_402' title='bbox 1532 4669 1576 4728; x_wconf 83' lang='lat' dir='ltr'>N.</span> <span class='ocrx_word' id='word_1_403' title='bbox 1592 4702 1630 4712; x_wconf 95' lang='lat'><em>-</em></span> <span class='ocrx_word' id='word_1_404' title='bbox 1651 4667 1690 4728; x_wconf 84' lang='lat' dir='ltr'>Ut</span> 
     </span>
     <span class='ocr_line' id='line_1_41' title="bbox 366 4763 1779 4848; baseline 0.006 -28"><span class='ocrx_word' id='word_1_405' title='bbox 366 4763 543 4838; x_wconf 85' lang='lat' dir='ltr'>litteratura,</span> <span class='ocrx_word' id='word_1_406' title='bbox 563 4767 607 4825; x_wconf 88' lang='lat' dir='ltr'>ita</span> <span class='ocrx_word' id='word_1_407' title='bbox 627 4769 822 4844; x_wconf 89' lang='lat' dir='ltr'>grammatica</span> <span class='ocrx_word' id='word_1_408' title='bbox 842 4769 873 4827; x_wconf 89' lang='lat' dir='ltr'>in</span> <span class='ocrx_word' id='word_1_409' title='bbox 893 4769 1026 4846; x_wconf 87' lang='lat' dir='ltr'>utrisque</span> <span class='ocrx_word' id='word_1_410' title='bbox 1045 4769 1154 4828; x_wconf 84' lang='lat' dir='ltr'>differt.</span> <span class='ocrx_word' id='word_1_411' title='bbox 1190 4768 1270 4829; x_wconf 90' lang='lat' dir='ltr'>Nam</span> <span class='ocrx_word' id='word_1_412' title='bbox 1285 4770 1458 4848; x_wconf 86' lang='lat' dir='ltr'>diplomata,</span> <span class='ocrx_word' id='word_1_413' title='bbox 1479 4788 1555 4846; x_wconf 86' lang='lat' dir='ltr'>quae</span> <span class='ocrx_word' id='word_1_414' title='bbox 1575 4771 1689 4847; x_wconf 89' lang='lat' dir='ltr'>quidem</span> <span class='ocrx_word' id='word_1_415' title='bbox 1775 4769 1779 4780; x_wconf 91' lang='lat'>&#39;</span> 
     </span>
     <span class='ocr_line' id='line_1_42' title="bbox 368 4862 1688 4945; baseline 0.004 -23"><span class='ocrx_word' id='word_1_416' title='bbox 368 4870 436 4924; x_wconf 89' lang='lat' dir='ltr'>ante</span> <span class='ocrx_word' id='word_1_417' title='bbox 462 4862 604 4924; x_wconf 87' lang='lat' dir='ltr'>Severum</span> <span class='ocrx_word' id='word_1_418' title='bbox 631 4868 742 4945; x_wconf 87' lang='lat' dir='ltr'>scripta</span> <span class='ocrx_word' id='word_1_419' title='bbox 770 4869 845 4942; x_wconf 91' lang='lat' dir='ltr'>sint,</span> <span class='ocrx_word' id='word_1_420' title='bbox 872 4889 891 4927; x_wconf 88' lang='lat' dir='ltr'>a</span> <span class='ocrx_word' id='word_1_421' title='bbox 915 4870 1108 4930; x_wconf 88' lang='lat' dir='ltr'>barbarismis</span> <span class='ocrx_word' id='word_1_422' title='bbox 1130 4871 1276 4930; x_wconf 89' lang='lat' dir='ltr'>immunia</span> <span class='ocrx_word' id='word_1_423' title='bbox 1297 4880 1379 4945; x_wconf 90' lang='lat' dir='ltr'>sunt,</span> <span class='ocrx_word' id='word_1_424' title='bbox 1405 4880 1438 4930; x_wconf 88' lang='lat' dir='ltr'>ut</span> <span class='ocrx_word' id='word_1_425' title='bbox 1463 4871 1551 4930; x_wconf 89' lang='lat' dir='ltr'>tertio</span> <span class='ocrx_word' id='word_1_426' title='bbox 1578 4871 1688 4930; x_wconf 90' lang='lat' dir='ltr'>demum</span> 
     </span>
    </p>
   </div>
   <div class='ocr_carea' id='block_1_11' title="bbox 367 4964 1688 5353">
    <p class='ocr_par' dir='ltr' id='par_1_12' title="bbox 367 4964 1688 5353">
     <span class='ocr_line' id='line_1_43' title="bbox 368 4964 1688 5049; baseline 0.005 -27"><span class='ocrx_word' id='word_1_427' title='bbox 368 4964 488 5024; x_wconf 88' lang='lat' dir='ltr'>saeculo</span> <span class='ocrx_word' id='word_1_428' title='bbox 503 4966 577 5024; x_wconf 86' lang='lat' dir='ltr'>vitia</span> <span class='ocrx_word' id='word_1_429' title='bbox 597 4967 630 5026; x_wconf 89' lang='lat' dir='ltr'>in</span> <span class='ocrx_word' id='word_1_430' title='bbox 650 4968 688 5026; x_wconf 92' lang='lat' dir='ltr'>iis</span> <span class='ocrx_word' id='word_1_431' title='bbox 711 4987 883 5046; x_wconf 91' lang='lat' dir='ltr'>comparere</span> <span class='ocrx_word' id='word_1_432' title='bbox 903 4971 1059 5048; x_wconf 81' lang='lat' dir='ltr'>incipiant3</span> <span class='ocrx_word' id='word_1_433' title='bbox 1081 4971 1125 5030; x_wconf 86' lang='lat' dir='ltr'>ita</span> <span class='ocrx_word' id='word_1_434' title='bbox 1145 4991 1202 5048; x_wconf 84' lang='lat' dir='ltr'>poa</span> <span class='ocrx_word' id='word_1_435' title='bbox 1223 4973 1303 5048; x_wconf 91' lang='lat' dir='ltr'>qnod</span> <span class='ocrx_word' id='word_1_436' title='bbox 1324 4981 1370 5032; x_wconf 88' lang='lat' dir='ltr'>cst</span> <span class='ocrx_word' id='word_1_437' title='bbox 1391 4991 1446 5048; x_wconf 92' lang='lat' dir='ltr'>pro</span> <span class='ocrx_word' id='word_1_438' title='bbox 1465 4981 1534 5048; x_wconf 82' lang='lat' dir='ltr'>post</span> <span class='ocrx_word' id='word_1_439' title='bbox 1554 4980 1688 5049; x_wconf 88' lang='lat' dir='ltr'>sequente</span> 
     </span>
     <span class='ocr_line' id='line_1_44' title="bbox 367 5065 1688 5149; baseline 0.008 -28"><span class='ocrx_word' id='word_1_440' title='bbox 367 5065 465 5122; x_wconf 90' lang='lat' dir='ltr'>denuo</span> <span class='ocrx_word' id='word_1_441' title='bbox 486 5065 586 5124; x_wconf 90' lang='lat' dir='ltr'>littera</span> <span class='ocrx_word' id='word_1_442' title='bbox 607 5076 627 5140; x_wconf 84' lang='lat' dir='ltr'>t,</span> <span class='ocrx_word' id='word_1_443' title='bbox 653 5086 740 5144; x_wconf 88' lang='lat' dir='ltr'>quem</span> <span class='ocrx_word' id='word_1_444' title='bbox 762 5071 972 5130; x_wconf 89' lang='lat' dir='ltr'>soloecismum</span> <span class='ocrx_word' id='word_1_445' title='bbox 992 5072 1081 5132; x_wconf 88' lang='lat' dir='ltr'>hodie</span> <span class='ocrx_word' id='word_1_446' title='bbox 1102 5073 1189 5131; x_wconf 87' lang='lat' dir='ltr'>multi</span> <span class='ocrx_word' id='word_1_447' title='bbox 1209 5074 1352 5149; x_wconf 88' lang='lat' dir='ltr'>religiose</span> <span class='ocrx_word' id='word_1_448' title='bbox 1373 5073 1469 5148; x_wconf 86' lang='lat' dir='ltr'>magis</span> <span class='ocrx_word' id='word_1_449' title='bbox 1490 5073 1592 5134; x_wconf 87' lang='lat' dir='ltr'>colunt</span> <span class='ocrx_word' id='word_1_450' title='bbox 1605 5090 1688 5148; x_wconf 89' lang='lat' dir='ltr'>quam</span> 
     </span>
     <span class='ocr_line' id='line_1_45' title="bbox 367 5165 1686 5250; baseline 0.004 -28"><span class='ocrx_word' id='word_1_451' title='bbox 367 5165 497 5237; x_wconf 88' lang='lat' dir='ltr'>erudite,</span> <span class='ocrx_word' id='word_1_452' title='bbox 520 5166 685 5243; x_wconf 91' lang='lat' dir='ltr'>diplomata</span> <span class='ocrx_word' id='word_1_453' title='bbox 705 5170 744 5228; x_wconf 93' lang='lat' dir='ltr'>ad</span> <span class='ocrx_word' id='word_1_454' title='bbox 763 5170 899 5231; x_wconf 89' lang='lat' dir='ltr'>Marcum</span> <span class='ocrx_word' id='word_1_455' title='bbox 920 5191 1013 5248; x_wconf 91' lang='lat' dir='ltr'>usquc</span> <span class='ocrx_word' id='word_1_456' title='bbox 1033 5173 1189 5249; x_wconf 87' lang='lat' dir='ltr'>ignorant,</span> <span class='ocrx_word' id='word_1_457' title='bbox 1217 5182 1249 5232; x_wconf 89' lang='lat' dir='ltr'>at</span> <span class='ocrx_word' id='word_1_458' title='bbox 1269 5177 1307 5234; x_wconf 86' lang='lat' dir='ltr'>ab</span> <span class='ocrx_word' id='word_1_459' title='bbox 1329 5194 1355 5233; x_wconf 90' lang='lat' dir='ltr'>a.</span> <span class='ocrx_word' id='word_1_460' title='bbox 1376 5173 1448 5234; x_wconf 87' lang='lat' dir='ltr'>inde</span> <span class='ocrx_word' id='word_1_461' title='bbox 1469 5171 1528 5231; x_wconf 76' lang='grc'>216</span> <span class='ocrx_word' id='word_1_462' title='bbox 1550 5183 1686 5250; x_wconf 86' lang='lat' dir='ltr'>perpetuo</span> 
     </span>
     <span class='ocr_line' id='line_1_46' title="bbox 368 5266 1688 5353; baseline 0.003 -30"><span class='ocrx_word' id='word_1_463' title='bbox 368 5266 502 5326; x_wconf 88' lang='lat' dir='ltr'>scribunt</span> <span class='ocrx_word' id='word_1_464' title='bbox 521 5270 726 5347; x_wconf 74' lang='lat' dir='ltr'>pertemptata,</span> <span class='ocrx_word' id='word_1_465' title='bbox 753 5281 787 5330; x_wconf 90' lang='lat' dir='ltr'>ut</span> <span class='ocrx_word' id='word_1_466' title='bbox 813 5275 870 5331; x_wconf 92' lang='lat' dir='ltr'>hoc</span> <span class='ocrx_word' id='word_1_467' title='bbox 895 5273 1044 5332; x_wconf 89' lang='lat' dir='ltr'>scribendi</span> <span class='ocrx_word' id='word_1_468' title='bbox 1065 5275 1170 5334; x_wconf 90' lang='lat' dir='ltr'>vitium</span> <span class='ocrx_word' id='word_1_469' title='bbox 1192 5283 1337 5353; x_wconf 84' lang='lat' dir='ltr'>appareat</span> <span class='ocrx_word' id='word_1_470' title='bbox 1361 5283 1553 5338; x_wconf 78' lang='lat' dir='ltr'>monumenta</span> <span class='ocrx_word' id='word_1_471' title='bbox 1577 5272 1688 5351; x_wconf 89' lang='lat' dir='ltr'>publica</span> 
     </span>
    </p>
   </div>
   <div class='ocr_carea' id='block_1_12' title="bbox 0 0 1834 6072">
    <p class='ocr_par' dir='ltr' id='par_1_13' title="bbox 0 0 1834 6072">
     <span class='ocr_line' id='line_1_47' title="bbox 0 0 1834 6072; baseline 0 0"><span class='ocrx_word' id='word_1_472' title='bbox 0 0 1834 6072; x_wconf 95' lang='lat' dir='ltr'> </span> 
     </span>
    </p>
   </div>
  </div>
 </body>
</html>
