3568 6070
222 599 239 702 J
269 597 273 604 ’
326 569 399 688 Ι188
917 617 1063 712 uunzsu

710 719 712 722 ,
1134 700 1138 709 .

327 811 363 868 de
389 807 596 884 Augustorum
623 795 802 857 necessariis
831 793 934 852 eadem
961 791 1012 848 lex
1040 769 1175 848 rideatur
1202 785 1360 844 observata
1387 801 1463 844 esse.
1507 781 1644 856 Quamvis

328 919 426 970 autem
452 924 490 964 ex
517 899 641 962 arbitrio
667 898 834 976 principum
861 893 941 954 haud
968 911 1037 950 raro
1063 899 1125 948 turn
1152 887 1327 948 consulatus
1353 885 1516 962 dispositos
1537 902 1600 944 esse
1620 891 1646 944 et

327 1012 400 1070 fasti
422 1005 581 1066 ostendant
601 1011 631 1060 et
651 1001 688 1058 de
699 997 819 1056 'liberii
841 1003 920 1054 certe
942 1001 1037 1052 aetate
1052 991 1114 1050 Dio
1132 989 1260 1050 affirmet
1270 987 1309 1062 ¹),
1331 988 1426 1045 nihilo
1440 995 1541 1044 tamen
1556 987 1647 1043 miuus

329 1133 365 1172 eo
387 1121 520 1186 tempore
541 1103 673 1164 dubitari
694 1099 806 1176 nequit,
828 1097 898 1173 quin
922 1103 1065 1153 semestre
1086 1091 1175 1150 fuerit
1196 1088 1404 1148 consulatuum
1426 1097 1545 1166 tempus
1559 1086 1648 1164 legiti-

316 1233 421 1284 mum.
456 1209 558 1268 Etiam
579 1206 633 1264 sub
649 1201 770 1262 Nerone
791 1199 821 1257 id
843 1199 874 1256 in
897 1214 953 1256 usu
974 1195 1122 1254 mansisse
1144 1210 1203 1250 non
1220 1189 1379 1251 Suetonius
1396 1189 1483 1266 (Ner.
1499 1189 1549 1264 15)
1567 1187 1648 1261 modo

330 1322 442 1383 narrat,
465 1327 532 1368 cum
554 1305 727 1364 consulatus
748 1301 780 1360 in
802 1316 892 1358 senos
914 1297 1089 1374 plerumque
1111 1310 1230 1352 menses
1252 1311 1320 1352 eum
1338 1291 1457 1350 dedisse
1473 1289 1584 1361 scribit,
1603 1288 1650 1348 sed

331 1420 525 1474 monumenta
545 1424 666 1484 quoqne
687 1401 878 1462 confirmant:
901 1379 970 1457 nem
992 1415 1068 1474 quae
1091 1403 1251 1472 supersunt
1272 1400 1341 1452 acta
1360 1393 1487 1450 fratrum
1503 1389 1650 1448 Arvalium

332 1534 411 1575 anno
434 1518 513 1572 certe
535 1509 574 1568 59
601 1507 660 1564 duo
689 1512 802 1562 tantum
831 1501 922 1560 fuisse
951 1503 1097 1557 testentur
1124 1495 1282 1554 consulum
1308 1493 1408 1571 paria,
1435 1512 1491 1552 neo
1516 1491 1552 1551 de
1573 1491 1650 1551 annis

333 1615 451 1692 imperii
471 1609 639 1670 Neroniani
660 1602 874 1684 posterioribus
897 1601 957 1658 ulla
979 1599 1123 1657 habemus
1145 1596 1329 1666 testimonia,
1356 1595 1465 1670 quibus
1487 1594 1651 1653 consulatus

333 1728 404 1778 tuno
429 1715 516 1772 aliter
542 1710 695 1768 ordinatos
722 1723 789 1766 esse
816 1711 967 1782 appareat.
1010 1699 1090 1758 Nam
1116 1699 1196 1774 quod
1221 1697 1286 1773 ipse
1308 1694 1391 1756 Nero
1418 1716 1435 1755 e
1457 1695 1651 1755 consulatibus

335 1827 474 1896 quattuor
495 1810 657 1874 secundum
681 1807 802 1884 quidem
824 1814 853 1862 et
874 1799 1069 1862 novissimum
1091 1801 1186 1878 gessit
1207 1807 1382 1870 semestres,
1411 1798 1542 1873 primum
1563 1805 1652 1854 eutem

335 1923 523 1988 bimestrem,
548 1911 666 1971 tertium
688 1909 934 1984 quadrimestrem
956 1901 1050 1986 (Suet.
1073 1901 1094 1958 l.
1111 1919 1136 1958 c.
1161 1900 1228 1976 14),
1256 1899 1348 1958 idad
1370 1899 1551 1957 consulatus·
1564 1897 1652 1976 priva-

337 2031 434 2080 torum
456 2035 516 2074 non
537 2011 681 2091 pervenit,
703 2027 770 2067 oum
791 2008 987 2083 imperatores
1009 2011 1039 2062 et
1060 2002 1112 2078 qui
1132 2009 1360 2079 praecesserunt
1376 2000 1473 2076 etqui
1488 1999 1580 2057 secuti
1594 2004 1654 2057 sunt

335 2124 435 2180 fasces
462 2137 500 2175 ex
525 2113 649 2172 arbitrio
671 2129 724 2186 per
745 2119 861 2186 tempus
884 2106 973 2164 modo
994 2105 1115 2180 longius
1138 2103 1227 2162 modo
1247 2102 1368 2160 brevius
1389 2099 1542 2160 tenuerint
1562 2099 1611 2174 (cf.
1631 2119 1652 2156 e.

336 2243 365 2301 g.
387 2221 458 2280 fasti
479 2213 669 2287 Domitiani).
714 2208 802 2284 Quod
828 2227 923 2284 nuper
944 2205 1109 2282 disputavit
1131 2201 1273 2263 Stobbius
1299 2201 1494 2280 (Philologus
1514 2199 1653 2260 XXXll

336 2345 365 2402 p.
382 2320 462 2395 266)
488 2318 565 2376 inter
588 2315 702 2390 primos
724 2311 820 2370 fasces
842 2319 872 2368 et
893 2317 1062 2386 postremos
1085 2305 1156 2364 anni
1171 2305 1209 2363 68
1232 2303 1407 2364 inserendos
1429 2321 1499 2362 esse
1520 2303 1560 2362 M.
1581 2301 1654 2380 Ulpii

337 2421 461 2484 Traiani
486 2417 597 2496 patris,
624 2416 668 2500 id,
682 2423 729 2472 est
754 2411 887 2470 nundina
912 2409 976 2467 eius
1004 2407 1073 2466 suni
1093 2405 1326 2484 quadrimestria
1346 2403 1458 2478 fuisse,
1488 2403 1601 2463 etiamsi
1623 2402 1654 2460 de

337 2525 469 2585 Traiano
494 2517 617 2604 consule
646 2522 724 2573 recte
746 2509 943 2586 iudicarat),
970 2516 1114 2568 mutatam
1136 2524 1205 2566 esse
1227 2505 1401 2566 consulatus
1423 2507 1570 2565 rationem
1595 2505 1656 2563 inde

337 2641 526 2702 nequaquam
551 2596 694 2693 sequitur.
737 2613 817 2674 Nam
839 2630 918 2671 anno
935 2612 973 2670 68
996 2610 1136 2668 consules
1157 2607 1326 2666 ordinarios
1347 2617 1412 2666 autc
1433 2617 1543 2684 tempus
1564 2604 1655 2666 tonora

335 2728 464 2806 privarit
478 2721 560 2782 Nero
582 2729 666 2792 atquc
687 2719 718 2773 in
738 2718 888 2789 utriusque
909 2713 998 2770 locros
1020 2711 1098 2769 solus
1120 2713 1184 2768 iniit
1198 2709 1374 2768 consulatum
1395 2707 1494 2784 (Suet.
1510 2707 1580 2769 Ner.
1594 2707 1656 2782 43);

338 2832 411 2888 item
438 2826 464 2882 si
490 2815 615 2880 revera
640 2826 710 2892 post
735 2823 861 2873 mortem
883 2815 947 2872 eius
969 2813 1101 2872 inierunt
1121 2810 1271 2869 Traianus
1294 2819 1324 2869 et
1344 2809 1494 2884 Bolanus,
1521 2811 1575 2869 hos
1596 2829 1657 2868 con·

298 2995 300 3002 ,
341 2929 421 2988 sules
450 2923 624 2998 designatos
652 2935 718 2976 esse
747 2916 885 2974 sollemni
912 2913 1015 2972 ordine
1042 2913 1111 2971 inde
1138 2919 1201 2970 tuto
1229 2912 1370 2988 colligere
1396 2931 1458 2972 non
1487 2912 1571 2984 licet,
1600 2929 1656 2968 cum

341 3033 465 3105 urgente
492 3031 625 3096 tempore
653 3017 766 3078 Neroni
793 3017 933 3076 defuncto
961 3015 1041 3073 credi
1070 3013 1187 3091 possint
1215 3012 1330 3072 suffecti
1359 3031 1435 3072 ssse.
1480 3011 1658 3090 Quapropter

342 3143 523 3210 quamquam
545 3121 684 3180 consules
706 3137 761 3176 sex
783 3131 861 3178 anno
878 3117 916 3175 68
938 3124 1056 3194 praeter
1071 3114 1231 3175 Caesarem
1246 3115 1384 3174 videntur
1405 3115 1505 3176 fasces
1528 3089 1657 3194 gessisse,

343 3229 577 3308 quadrimestres
599 3221 771 3280 consulatus
793 3227 863 3278 tunc
885 3218 979 3277 fuisse
1001 3217 1122 3276 minime
1144 3225 1270 3275 constat.

345 3437 548 3450 .........-·-—-

423 3605 446 3666 l)
474 3603 527 3652 Dio
542 3603 589 3664 58,
605 3603 652 3651 20:
676 3597 722 3649 τῶν
738 3591 770 3647 δ’
789 3585 829 3647 οὖν
853 3589 946 3647 uincitur
970 3584 984 3644 ὅ
1002 3591 1044 3664 μὶν
1063 3590 1190 3662 Δομίτιος
1209 3587 1242 3644 δι’
1260 3589 1327 3652 ἔτους
1346 3584 1404 3663 ἦρξε
1425 3629 1578 3659 .........
1603 3591 1625 3644 ci
1642 3585 1660 3642 δ’

347 3689 426 3748 ἄλλοι
452 3681 482 3751 dr
503 3709 549 3741 που
571 3689 605 3754 τῷ
623 3686 735 3757 Τιβερίῳ
760 3685 840 3754 ἐ’δοξε.
872 3675 929 3744 το6ς
951 3674 1063 3762 plrprlp
1087 3684 1126 3736 ἐπὶ
1145 3674 1307 3756 μακρὸτερον,
1334 3677 1438 3744 rededi
1457 3684 1496 3736 brt
1515 3673 1659 3758 βροχῦτορου

347 3780 375 3838 ἂν
394 3779 477 3856 ᾑρεῖτο
498 3777 539 3830 acl
556 3769 614 3838 το6ς
632 3777 674 3848 μὶν
694 3776 730 3829 ἔτι
748 3779 788 3828 καὶ
807 3777 910 3828 θᾶσσον
927 3775 971 3830 scii
988 3775 1135 3846 τεταγμένου
1155 3767 1320 3842 ἀπήλλασσε,
1348 3781 1401 3836 τοῖς
1425 3775 1453 3828 dl
1470 3773 1513 3828 καὶ
1531 3776 1569 3828 ἐπὶ
1585 3779 1660 3828 πλοῖον

342 3868 438 3946 ἄρχειν
462 3869 555 3922 ἐδίδου.
591 3862 637 3935 ἤδη
662 3868 690 3920 dl
713 3868 753 3920 aul
776 3867 806 3928 tr.
825 3857 885 3919 ἕλον
907 3857 949 3918 τδν
974 3860 1081 3918 tusculi
1104 3863 1240 3936 ἆποδοίξας
1259 3859 1360 3920 ἅντινα
1379 3867 1468 3920 ἐκεῖνον
1486 3866 1658 3938 plaustellum,

303 3953 306 3960 ,
348 3963 429 4035 ἕτερον
454 3961 481 4014 bl
506 3957 548 4038 aul
572 3951 646 4015 αὖθις
671 3956 750 4030 ἕτερον
776 3958 957 4023 eminebit-ru·
983 3958 1026 4010 καί
1048 3977 1114 4017 τινας
1133 3955 1175 4010 καὶ
1196 3959 1220 4018 ἐς
1237 3957 1320 4028 τρίτον
1339 3959 1435 4029 ἑτέρους
1453 3949 1660 4033 προχοιριζᾶμινος

348 4053 403 4110 εἶτα
427 4046 522 4112 ἄλλους
540 4043 666 4104 ὑπατεύειν
683 4043 730 4122 apd
749 4045 903 4104 aiesrbs’
921 4048 1006 4119 ἑτέρων
1026 4047 1123 4101 irrisi..
1148 4038 1262 4120 subrepi
1282 4049 1324 4121 pir
1341 4043 1399 4111 το6ς
1415 4043 1520 4111 tutetur
1537 4049 1609 4102 'raim
1626 4038 1660 4106 bul

346 4139 429 4214 acleus
446 4139 476 4204 dr
495 4145 574 4198 cirrata
592 4142 634 4210 τῆς
651 4137 782 4213 ἡγεμονίας
800 4135 880 4223 adspir'·
892 4138 1008 4220 ἐγίγνετο.
1147 4209 1150 4217 Ι

333 4299 336 4306 .
424 4256 449 4320 ²)
477 4256 519 4307 De
543 4271 575 4306 ea
598 4271 626 4306 re
651 4255 762 4319 amplius
785 4255 837 4319 egit
858 4255 887 4304 in
911 4235 1074 4318 ephemeride
1098 4252 1193 4304 Ptuot.
1219 4253 1347 4320 Ausetper
1370 4257 1441 4322 1870
1464 4271 1489 4320 p.
1505 4255 1569 4316 259,
1594 4267 1659 4318 quam

281 4395 285 4400 .
348 4351 464 4402 nondum
488 4349 594 4398 allatam
611 4349 639 4396 in
659 4346 749 4395 urbem
767 4359 820 4394 non
838 4345 912 4394 licuit
930 4347 1071 4395 consulere.
1108 4345 1169 4396 Fuit
1188 4352 1273 4396 autem
1293 4347 1421 4396 Traianus
1441 4361 1510 4396 anno
1524 4347 1557 4396 67
1575 4346 1660 4408 legatus

348 4443 457 4524 legionis
476 4425 592 4490 decimae
612 4437 729 4502 (Ioseph.
749 4437 774 4486 b.
793 4437 815 4486 Ι.
835 4437 891 4498 ΙΙΙ,
913 4437 938 4499 7,
954 4435 1011 4486 31:-
1027 4426 1151 4504 Tpamrdu
1170 4425 1289 4486 duraturi
1309 4427 1410 4486 δεκάτου
1428 4425 1551 4505 τοῖγμοτος
1567 4420 1660 4504 ἦγεμᾶνα

348 4553 371 4582 κ.
385 4551 409 4583 τ.
425 4534 480 4600 lu),
507 4547 584 4596 quam
608 4543 676 4580 anno
701 4528 846 4593 insequenti
864 4515 932 4577 'rexit
949 4529 1057 4578 Larcius
1075 4529 1188 4593 Lepidus
1207 4528 1239 4590 (l.
1254 4545 1276 4580 c.
1295 4531 1349 4590 Vl,
1364 4531 1394 4592 4,
1410 4531 1439 4592 33
1465 4530 1497 4580 ci.
1517 4529 1607 4580 Renier
1623 4539 1660 4573 sur

350 4623 387 4673 les
405 4623 515 4690 officiare
533 4625 577 4689 qai
594 4617 740 4676 assisterent
759 4637 792 4670 aa
810 4619 905 4670 ccasetl
922 4618 953 4669 dc
968 4635 1059 4686 puerre
1077 4626 1132 4680 terta
1148 4635 1199 4686 par
1216 4618 1288 4671 Titus
1307 4627 1354 4671 cet.
1373 4638 1398 4686 p.
1414 4621 1466 4682 23).
1503 4601 1579 4670 Anno
1590 4617 1661 4682 'igitur

350 4713 385 4762 ot
404 4720 514 4768 exeunte
532 4715 574 4763 vel
593 4714 626 4764 68
646 4715 673 4763 in
691 4713 782 4762 urbem
799 4711 901 4761 ridetur
918 4712 1061 4761 revertisse.
1092 4713 1172 4762 Anno
1192 4713 1286 4764 deiude
1300 4713 1333 4762 79
1354 4728 1411 4762 cum
1429 4712 1565 4776 proconsul
1579 4709 1658 4760 Asiam

350 4802 539 4852 administrarit
559 4802 640 4864 (o.1.
661 4804 708 4856 Gr.
727 4803 812 4866 39353
844 4803 876 4854 ef.
900 4801 1033 4852 Eclrh'elb
1058 4819 1084 4867 p.
1103 4803 1180 4866 435),
1209 4810 1314 4870 propter
1338 4804 1504 4866 decennium,
1528 4800 1594 4867 quod
1615 4805 1659 4846 tum

349 4893 418 4942 inter
442 4893 603 4943 consulatum
628 4901 654 4944 et
676 4896 886 4960 proconsulatum
910 4893 1069 4943 intercedere
1095 4895 1207 4957 solebat,
1234 4909 1287 4946 non
1310 4897 1365 4945 sine
1389 4895 1568 4960 probabilitate
1589 4891 1659 4940 fasces

350 4983 405 5030 eius
433 4983 468 5032 ad
496 4997 591 5033 annum
615 4985 649 5034 68
677 4987 830 5043 reseruntur.
877 4987 965 5036 Antea
991 4986 1061 5034 enim
1091 4988 1252 5036 consulatum
1280 5002 1333 5037 non
1360 4993 1445 5051 potest
1468 4965 1585 5050 gessisse,
1611 4992 1658 5028 111111

350 5087 419 5122 anno
439 5073 471 5122 67
498 5073 577 5124 fuisse
603 5077 722 5126 videatur
744 5074 889 5142 praetorius
911 5083 999 5141 utpote
1023 5077 1119 5141 legioni
1143 5079 1312 5146 praepositus.
1358 5066 1491 5130 similibus
1520 5069 1659 5140 argumentis

334 5162 475 5213 ¹adductus
494 5155 650 5228 Borghesius
663 5169 778 5218 Vettium
798 5168 927 5218 Bolanum
951 5169 1131 5233 proconsulem
1151 5170 1232 5220 Asiae
1251 5183 1320 5220 anno
1340 5169 1431 5218 eodem
1451 5168 1520 5234 (opp.
1535 5167 1550 5216 3
1567 5181 1590 5230 p.
1604 5157 1657 5218 289)

351 5259 375 5303 et
394 5255 477 5318 ipsum
498 5269 566 5304 anno
581 5258 613 5307 68
634 5249 885 5332 Neroni'suffeetum
904 5275 959 5312 esse
979 5261 1089 5310 coniecit
1108 5261 1135 5322 (1.
1150 5277 1171 5310 c.
1192 5263 1209 5311 4
1228 5277 1253 5326 p.
1268 5261 1340 5323 402).
1404 5276 1407 5280 ·
