3620 6080
498 787 797 842 cassavarmuns
815 787 932 840 arms.
946 788 1071 839 mxu.
1373 777 1445 849 227

129 889 272 901 ——u

124 965 235 1040 pusioni
256 961 358 1018 orbitat
384 959 540 1019 addendus
568 968 614 1019 est
640 959 825 1018 documentis
852 959 890 1017 iis
913 977 991 1036 quae
1013 959 1050 1020 de
1072 959 1188 1021 duobus
1210 963 1280 1024 filiis
1300 975 1372 1028 natu
1393 971 1448 1027 mi·

127 1063 209 1121 nimis
231 1061 272 1120 M.
296 1059 402 1120 Crassi
423 1061 517 1137 Frugi
538 1060 671 1120 consulis
692 1079 720 1118 a.
736 1059 774 1118 27
803 1079 832 1136 p.
851 1061 919 1119 147.
942 1059 1000 1120 148
1023 1063 1256 1139 composuimus.
1299 1067 1357 1127 Est
1376 1071 1447 1128 item

129 1182 159 1222 eo
179 1150 298 1220 nomine
319 1161 530 1234 memorabilis,
552 1160 634 1236 quod
656 1160 738 1220 solus
760 1161 839 1237 quod
863 1162 955 1220 sciam
977 1171 1114 1238 superest
1135 1163 1319 1241 Vespasiani
1340 1171 1448 1245 privati

127 1265 283 1336 etiamtum,
304 1265 377 1322 item
398 1262 480 1321 solus
500 1279 683 1338 praenomen
704 1261 769 1320 eius
791 1261 872 1337 quod
893 1261 984 1321 fuerit
1005 1281 1061 1322 nos
1083 1263 1179 1323 docet.

203 1362 384 1424 Crassorum
406 1363 502 1440 Frugi
527 1361 632 1421 titulos
660 1361 735 1422 dnos
760 1364 834 1421 mihi
854 1363 999 1422 indicavit
1020 1361 1186 1423 Schoenius
1209 1385 1227 1424 a
1248 1387 1295 1427 me
1316 1381 1449 1446 praeter-

126 1465 240 1537 missos,
264 1463 523 1524 Tarraconensem
544 1463 582 1536 ΙΙ,
599 1464 693 1522 4364:
716 1463 845 1522 Faustus
863 1463 965 1522 Crassi
986 1464 1081 1541 Fropt
1102 1485 1156 1526 ser.
1180 1476 1210 1526 et
1230 1467 1448 1547 Pompeianum

128 1563 580 1624 1.N.2216=0ra11.4326:
604 1544 727 1623 thermae
741 1565 784 1623 M.
805 1563 906 1624 Crassi
922 1566 1015 1642 Ftups
1035 1585 1113 1641 oque
1133 1572 1248 1627 moriac
1261 1579 1287 1628 et
1301 1571 1448 1647 bola(eoe)

126 1685 198 1742 aquo
219 1667 309 1725 dulci.
331 1667 488 1724 Ianuarius
512 1665 666 1742 Kibotos).
709 1666 766 1724 Ille
792 1666 829 1725 ad
851 1685 1010 1742 quemnam
1031 1669 1179 1742 pertineat
1199 1688 1239 1728 ex
1259 1669 1375 1730 familia
1395 1692 1449 1732 no-

125 1768 253 1839 tissima,·
276 1785 363 1827 nemo
390 1767 477 1826 facile
500 1767 618 1825 dixerit.
662 1765 736 1838 Hic,
763 1785 851 1843 quem
877 1775 948 1825 nota
968 1776 1118 1844 repertum
1141 1787 1208 1829 essa
1230 1772 1261 1830 in
1283 1790 1373 1850 opere
1395 1793 1448 1851 po-

124 1868 207 1927 situm
228 1869 262 1926 in
285 1868 357 1928 villa
378 1886 406 1944 q.
430 1868 458 1928 d.
482 1867 636 1928 Ciceronis
657 1877 742 1927 extra
756 1867 918 1945 Pompeios
941 1869 1085 1946 oppidum
1106 1871 1229 1948 antiqno
1251 1879 1386 1949 tempore
1409 1877 1447 1934 ad

123 1969 213 2044 ipsum
241 1969 318 2029 litus
347 1970 453 2041 situm,
479 1969 702 2046 componendus
730 1978 777 2026 est
803 1989 871 2028 cum
897 1969 964 2028 loco
992 1969 1085 2028 Plinii
1106 1972 1136 2029 h.
1158 1991 1185 2029 n.
1209 1973 1259 2046 31,
1280 1973 1313 2046 2,
1333 1975 1367 2048 5,
1396 1978 1448 2036 ubi

122 2069 219 2128 laudes
243 2089 389 2146 aquarum
411 2071 443 2129 in
466 2073 532 2130 sinu
551 2071 666 2129 Baiano
689 2070 926 2130 scaturrientium
949 2071 992 2128 ita
1010 2071 1089 2130 finit:
1111 2084 1256 2149 soporant
1276 2085 1302 2133 et
1322 2080 1353 2133 in
1373 2081 1449 2136 mori

123 2175 179 2245 ipso
205 2190 281 2247 quae
302 2171 398 2230 Iactat
423 2171 524 2231 Crassi
543 2175 629 2247 suere
653 2173 812 2246 mediosque
833 2175 906 2230 inter
918 2173 1024 2247 fluctus
1047 2177 1139 2231 eatstit
1160 2174 1275 2250 aliquid
1294 2177 1449 2238 oulcmdiaa'

122 2273 253 2331 salutare.
298 2271 379 2338 Nam
404 2280 485 2349 patet
511 2273 643 2350 intellegi
669 2273 705 2331 ab
730 2281 852 2332 auctore
873 2271 956 2350 ipsas
977 2273 1047 2331 illas
1069 2273 1200 2332 thermas
1223 2294 1302 2352 aqua
1323 2279 1449 2351 marina,

122 2389 242 2447 quarum
266 2391 458 2451 programma
479 2384 624 2450 superest.
661 2375 702 2432 M.
725 2373 858 2432 Licinius
873 2371 1004 2433 Crassus
1023 2373 1118 2453 Frugi
1140 2377 1246 2436 harum
1267 2356 1449 2438 thermarum

121 2473 353 2552 balnearumque
374 2476 512 2535 dominus
534 2493 714 2552 quamquam
741 2484 841 2552 potest
860 2475 956 2534 fuisse
978 2475 1084 2533 consul
1106 2497 1132 2536 a.
1149 2477 1199 2548 27,
1221 2479 1320 2552 potins
1344 2481 1449 2540 consul

123 2595 146 2632 a.
162 2575 199 2634 64
229 2577 350 2634 videtur
376 2579 395 2634 a
415 2575 517 2636 Plinio
538 2577 686 2653 intellegi,
714 2594 780 2634 cum
802 2576 893 2634 verba
915 2595 988 2651 quoe
1008 2575 1109 2636 Licini
1131 2578 1231 2638 Crassi
1245 2583 1330 2656 suere
1351 2583 1448 2660 magis

122 2672 298 2736 conueniant
329 2677 392 2736 filio
423 2685 492 2736 ante
519 2677 621 2736 decem
654 2695 749 2736 annos
778 2695 867 2753 quam
894 2678 1016 2754 scripsit
1043 2677 1161 2738 Plinius
1190 2680 1329 2740 defuncto
1358 2701 1448 2758 quam

121 2777 194 2853 patri
214 2779 325 2854 viginti
347 2779 464 2837 circiter
485 2779 572 2837 annis
594 2786 663 2838 ante
685 2779 780 2836 filium
803 2779 911 2838 occiso

198 2879 362 2940 Postremo
385 2899 474 2956 quam
496 2881 696 2938 coniecturam
718 2881 862 2957 proposui
884 2898 913 2955 p.
932 2881 990 2938 147
1013 2880 1077 2939 ni
1101 2883 1137 2940 de
1153 2879 1284 2942 Senecae
1305 2883 1367 2942 ludi
1383 2885 1450 2942 loco

122 2988 258 3058 corrupto
282 3000 307 3040 c.
323 2981 371 3053 11,
393 2983 517 3040 eandem
539 2992 645 3058 postea
665 2981 820 3040 admonuit
841 3001 887 3040 me
909 2983 1022 3042 amicus
1044 2993 1234 3059 praeceptam
1255 3002 1322 3042 esse
1340 3004 1359 3042 a
1372 2984 1450 3044 Bue-

122 3081 233 3142 chelero
251 3083 297 3141 ¹in
324 3083 454 3142 editione
481 3084 545 3142 eius
571 3083 635 3140 ludi
658 3084 787 3155 minore,
814 3103 904 3159 quam
929 3083 1077 3159 inspicere
1099 3085 1305 3160 neglexeram:
1336 3085 1452 3144 scilicet

121 3201 172 3258 pro
197 3203 234 3244 ec
265 3185 347 3260 quod
373 3185 442 3242 libri
467 3185 613 3261 praebent
638 3187 794 3244 utsttoaias
816 3188 995 3244 asserionem
1014 3186 1121 3242 nobiles
1145 3195 1236 3244 tameo
1258 3203 1313 3262 ego
1336 3187 1451 3244 conieci

122 3285 310 3345 scribendum
330 3303 398 3344 esse
422 3289 473 3344 tris
495 3287 525 3344 dt
546 3287 610 3344 boni
631 3278 771 3357 assarios,
793 3289 858 3343 itera
878 3285 986 3344 nobiles
1008 3295 1109 3355 tameo,
1132 3285 1334 3344 Buechelerus
1350 3294 1449 3344 autem

121 3388 277 3464 temptavit
300 3391 353 3444 tris
375 3387 499 3446 homines
521 3391 661 3460 assarios,
682 3387 789 3446 nobiles
811 3397 910 3446 tomen.
956 3383 1054 3458 Quam
1080 3385 1169 3444 alieni
1190 3387 1303 3446 inventi
1324 3387 1450 3461 ereptio·

121 3506 183 3546 nem
209 3497 242 3548 ut
266 3489 380 3547 invitus
402 3489 552 3562 commisi,
580 3493 623 3568 ita
645 3491 711 3566 ipse
732 3497 835 3546 noster
855 3487 998 3546 fortuitus
1021 3503 1184 3546 consensus
1204 3488 1235 3546 iu
1256 3499 1324 3545 mea
1344 3506 1391 3545 me
1414 3487 1449 3544 de

121 3589 266 3650 hocloco
289 3591 430 3666 opinione
452 3591 648 3650 confirmavit.
