3546 6062
923 620 1125 674 WILMANNS

664 893 733 969 DE
760 890 1051 970 PRAEFECTO
1080 889 1391 969 OASTRORVM.

446 1069 596 1128 Praefecti
618 1078 784 1128 castrorum
806 1065 963 1144 quaerenti
984 1064 1059 1124 mihi
1078 1065 1271 1124 innotuerunt
1291 1062 1337 1122 hi:

430 1196 461 1273 1)
494 1195 650 1271 Vespasiae
665 1193 769 1252 Pollio.
785 1226 827 1236 -
850 1192 929 1252 Suet.
953 1191 1113 1268 Vespas.1.·
1134 1190 1231 1262 Polla,
1245 1191 1374 1250 Nursiae
1387 1190 1502 1248 lunesto
1515 1208 1610 1266 penore
1624 1203 1677 1250 orta

513 1305 629 1372 patrem
650 1293 748 1353 habuit
768 1294 934 1370 Vespasium
948 1292 1116 1362 Pollionem,
1140 1301 1183 1350 ter
1203 1293 1346 1350 tabanum
1366 1292 1488 1350 militum
1505 1294 1677 1368 prau‘suum·

517 1415 572 1472 que
593 1405 763 1466 castrorum,
778 1397 903 1470 fratrem
924 1403 1080 1452 senatorem
1096 1396 1263 1468 praetoriae
1284 1395 1445 1468 dipnitatis.

365 1495 516 1574 Vespasia
536 1495 625 1556 Polla
649 1504 745 1556 mater
765 1503 813 1554 est
832 1493 1014 1570 Vespasiani
1035 1493 1239 1569 imperatoris,
1266 1494 1330 1552 nati
1352 1510 1433 1552 anno
1449 1493 1468 1552 9
1484 1511 1513 1569 p.
1529 1491 1580 1564 0.,
1605 1501 1677 1569 pater

364 1599 456 1675 igitar
477 1598 542 1658 sine
563 1597 654 1657 dubio
676 1597 893 1674 praefecturam
915 1602 1080 1656 cannarum
1102 1596 1230 1655 obtinuit
1250 1595 1416 1671 imperante
1439 1597 1584 1671 Augusto.

430 1699 463 1776 2)
496 1698 549 1757 M!
570 1697 753 1757 Eunicu-
775 1697 834 1756 Dio
848 1699 897 1768 55,
914 1697 934 1753 8
956 1695 1046 1772 (anna
1063 1696 1083 1753 8
1092 1715 1126 1771 p.
1146 1693 1194 1772 C.)
1215 1686 1418 1780 Σκενὸβαρδές
1440 1717 1483 1756 τις
1504 1718 1539 1778 ap
1541 1716 1677 1765 ornatura-

805 1793 829 1830 a

830 1820 858 1852 αι
880 1821 928 1853 και
919 1786 1075 1868 sindus
1094 1791 1160 1854 κατ’
1181 1789 1250 1853 nrlrl
1272 1797 1354 1853 rasis-a
1375 1790 1447 1880 reple
1467 1786 1571 1854 Mausos
1586 1781 1677 1852 Eorum

518 1820 600 1867 arvos
619 1819 671 1865 sss·
672 1789 822 1866 arrrsrse·

519 1889 643 1982 φρουραρ
645 1921 749 1976 χον
724 1890 845 1958 {trusus
866 1885 1098 1966 ninivensem
1119 1887 1156 1954 olo
1177 1892 1368 1966 αὐτομολῆσαι
1389 1905 1507 1954 κτλ.-
1533 1897 1598 1958 Tae.
1611 1897 1676 1954 Ann.

518 1999 546 2074 1,
561 1999 604 2059 38
625 1999 714 2075 (auno
729 2001 769 2058 14
778 2019 811 2076 p.
829 1999 876 2076 C.)
899 1998 942 2058 At
961 2002 992 2057 in
1013 2000 1136 2059 Chaucis
1156 2009 1318 2075 coeptavere
1336 1999 1502 2058 seditionem
1516 1999 1677 2076 praesidium

475 2165 477 2172 ,
518 2105 659 2178 epistates
685 2101 830 2160 vexillarii
855 2101 1029 2160 discordium
1055 2102 1195 2178 lepionuns
1220 2109 1246 2158 et
1267 2103 1416 2176 praesenti
1437 2101 1557 2160 duanam
1575 2100 1677 2158 militum

518 2204 661 2280 supplicio
683 2201 818 2278 paullum
844 2205 970 2277 repressi
993 2210 1068 2260 suns.
1111 2201 1243 2260 Iusserat
1263 2201 1294 2258 id
1314 2200 1369 2259 M?
1384 2201 1515 2274 Eventus,
1541 2211 1676 2261 castrorum

515 2305 692 2382 propfeetus,
713 2303 785 2362 bona
806 2307 898 2380 mapis
919 2303 1043 2378 eesmpla
1064 2319 1150 2380 quam
1172 2320 1302 2362 concesso
1322 2305 1394 2360 iure.

366 2402 418 2462 M:
433 2401 525 2462 Ennii
546 2423 655 2464 nomen
675 2413 756 2464 recte
778 2403 858 2480 apud
872 2402 1011 2463 Tacitum
1033 2402 1165 2462 restituit
1182 2401 1398 2480 Nipperdeins;
1420 2403 1488 2464 cod.
1509 2403 1584 2464 Med.
1602 2401 1677 2462 habet

366 2504 512 2564 Mennias.

429 2607 458 2664 3.
470 2605 505 2682 4)
533 2605 573 2666 L.
592 2605 715 2683 Eppius.
745 2606 888 2666 Ceionius.
905 2637 943 2650 -
976 2606 1049 2666 Veli.
1068 2606 1098 2678 2,
1117 2607 1176 2666 119
1196 2605 1283 2681 (anno
1300 2607 1367 2682 dp.
1391 2607 1425 2667 G.
1452 2610 1484 2666 in
1506 2605 1612 2683 proelio
1630 2603 1675 2664 Va-

518 2707 635 2784 m'ano).·
660 2707 738 2766 Duri
761 2708 831 2784 plus
857 2708 898 2766 ad
923 2709 1098 2766 masiersdum
1124 2709 1278 2783 quemad
1300 2709 1489 2784 maynardum
1507 2707 1675 2782 animiscit:

519 2813 625 2886 quippe
639 2812 758 2884 petunt
777 2811 903 2885 deinque
924 2809 1043 2884 arempli
1064 2825 1208 2868 successa
1225 2827 1256 2868 se
1268 2811 1332 2886 ipss
1345 2810 1497 2885 transfluit.
1529 2807 1594 2868 Ate
1604 2823 1676 2883 prae·

511 2911 599 2984 fectis
621 2917 779 2968 castrorum
799 2909 909 2968 duobus
929 2927 1016 2986 quam
1037 2912 1147 2970 claram
1168 2911 1323 2988 eeanplum
1336 2909 1375 2970 L.
1390 2910 1515 2987 Eppius,
1537 2921 1590 2970 tarn
1607 2918 1676 2984 turpe
1759 2905 1760 2932 ³

522 3011 654 3070 Ceionius
671 3011 815 3086 prodidit,
836 3014 896 3087 qui,
916 3027 979 3070 eum
1000 3009 1082 3087 lonpe
1095 3015 1248 3070 maximam
1265 3019 1378 3088 partem
1392 3011 1593 3090 absumpsisset
1603 3013 1676 3079 ades,

519 3122 620 3172 auctor
642 3113 792 3170 deditionis
814 3112 956 3188 supplicio
977 3130 1063 3188 quam
1080 3113 1194 3191 proelio
1213 3116 1286 3171 suari
1304 3112 1413 3172 maluit.

430 3215 463 3292 5)
497 3215 535 3274 L.
560 3215 720 3275 andicius.
734 3241 776 3256 --
798 3211 1238 3290 Vett.2,120(annosp.0.
1256 3225 1326 3291 post
1340 3215 1484 3291 proelium
1506 3211 1674 3286 Varianam:
1758 3259 1759 3274 .

519 3315 558 3375 L.
586 3317 669 3374 etiam
692 3313 821 3387 Caedici,
843 3315 988 3390 praefecti
1008 3324 1181 3388 castrorum,
1210 3333 1359 3391 eorumque
1380 3320 1431 3394 qui
1451 3335 1510 3376 una
1529 3314 1676 3376 arundus

496 3417 639 3476 'Alisorss
671 3418 806 3474 inmensis
836 3414 1042 3475 Gemuanorum
1069 3419 1159 3492 sepiis
1185 3416 1396 3490 obsidebantur,
1425 3419 1576 3477 tuomum
1598 3419 1673 3474 ninas

520 3531 562 3580 sss
581 3529 632 3578 eet.
1757 3549 1758 3590 3

429 3621 462 3698 6)
494 3621 662 3698 Aufidianus
676 3618 784 3692 Rufus.
799 3649 838 3662 -
864 3619 931 3680 Tae.
953 3637 1022 3680 ann.
1036 3619 1063 3690 1,
1080 3617 1124 3678 20
1143 3617 1233 3695 (anuo
1247 3619 1287 3679 11
1296 3639 1330 3696 p.
1347 3621 1379 3680 G.
1401 3623 1433 3678 in
1454 3622 1584 3680 seditione
1602 3619 1673 3693 lapio-
1757 3593 1758 3610 ¹

517 3741 585 3781 num
605 3721 835 3778 Pannonicorum
854 3718 940 3778 VIII
951 3718 1040 3796 Aap„
1062 3719 1120 3778 IX
1135 3720 1235 3800 Hisp.,
1259 3721 1328 3780 XV
1336 3720 1530 3798 Apollinaris,
1550 3737 1616 3798 quae
1633 3721 1674 3775 iis·

518 3823 582 3880 dan
595 3823 700 3880 castris
721 3823 837 3878 cernuis
858 3820 945 3878 simul
966 3820 1172 3897 labebantur).·
1193 3826 1301 3880 interea
1322 3823 1465 3898 manipuli
1485 3833 1548 3882 onte
1567 3829 1673 3897 saeptam

519 3924 682 3982 seditionem
701 3919 884 3997 Nauportum
910 3925 992 3981 missi
1016 3922 1176 3984 abitinere
1197 3931 1341 3999 etpantea
1363 3925 1484 3984 stelias
1506 3941 1585 3994 usae,
1604 3928 1673 3998 post·
1756 3911 1757 3964 ἐ

519 4042 605 4100 quam
627 4022 768 4081 turbatum
790 4026 821 4080 in
842 4027 947 4082 castris
968 4041 1108 4099 accepere,
1129 4023 1237 4083 oeailla
1258 4023 1419 4084 eonoelluns
1437 4057 1476 4070 -
1493 4057 1531 4068 -
1549 4023 1673 4081 retinentis

518 4126 693 4184 cenmriones
713 4127 807 4182 inrisu
828 4133 855 4182 et
870 4125 1053 4195 emtumeliis,
1071 4133 1216 4201 postremo
1231 4126 1393 4184 uerberibus
1407 4129 1585 4196 insectantur,
1601 4137 1672 4199 prae·

520 4230 604 4302 mpaa
623 4229 654 4282 in
669 4223 849 4300 Aufidienum
856 4225 981 4315 Enseu,
999 4227 1175 4300 praesectum
1189 4237 1356 4299 caraman,
1378 4231 1435 4299 ira,
1457 4245 1537 4305 quera
1550 4228 1673 4299 waplam
1755 4241 1756 4270 r

520 4325 649 4386 vehiculo
670 4328 795 4385 sarcinis
815 4337 941 4401 prae-ant
961 4337 1106 4404 apuntque
1125 4331 1156 4386 iu
1178 4331 1299 4406 apmisse,
1317 4345 1373 4404 per
1393 4329 1546 4388 ludibrium
1565 4327 1672 4401 rapitan-

367 4493 572 4505 hn———n-

369 4617 395 4679 3,
411 4618 426 4666 2
446 4632 472 4681 p.
486 4618 549 4678 427,
569 4630 623 4664 non
642 4614 781 4665 sufficiunt.
817 4613 920 4665 Deinde
939 4616 983 4681 qui
1002 4631 1084 4682 nuper
1102 4616 1134 4666 de
1152 4615 1314 4682 praefectura
1330 4617 1440 4682 legionis
1459 4617 1510 4683 egit
1526 4616 1577 4666 Leo
1592 4608 1672 4662 Renier
1754 4593 1755 4620 r

366 4703 436 4757 min.
455 4705 486 4756 de
505 4701 582 4756 linat.
602 4707 661 4772 inp.
683 4705 754 4756 1867
773 4721 799 4770 p.
814 4705 928 4772 302sq.,
948 4707 970 4756 is
990 4722 1041 4773 quo
1059 4714 1098 4758 est
1115 4709 1220 4773 ingenio
1239 4716 1314 4760 acuto
1332 4710 1455 4776 uberiqae
1473 4705 1585 4758 doctrina
1600 4697 1670 4754 Larcii

368 4794 462 4862 Lepidi
485 4797 588 4847 titulum
609 4797 742 4862 praeclare
767 4795 909 4862 supplevit;
932 4813 998 4863 qaae
1016 4805 1103 4850 tamen
1122 4800 1154 4850 de
1173 4801 1334 4865 praefectura
1351 4801 1460 4866 legionis
1478 4797 1602 4856 disseruit,
1623 4803 1670 4856 prr
1753 4823 1754 4870 3

368 4887 455 4938 banda
484 4901 536 4937 non
560 4899 616 4937 esse
640 4893 666 4938 et
688 4903 721 4938 ex
746 4889 778 4939 iis
801 4897 864 4954 pato
888 4903 954 4954 qnae
976 4905 1055 4954 supra
1078 4891 1153 4956 posui
1176 4897 1283 4956 apparet
1306 4899 1332 4942 es
1356 4898 1415 4942 aute
1443 4906 1485 4941 me
1509 4879 1671 4939 demonstravit

368 4979 545 5042 Mompnsenus
563 4977 631 5038 (loco
649 4993 713 5030 mox
732 4979 859 5043 citando);
883 4987 952 5032 recte
971 4988 1057 5031 tamen
1075 4983 1224 5048 primasque
1243 4983 1331 5033 docuit
1348 4983 1531 5048 praefecturam
1549 4983 1668 5029 caseorum

368 5084 496 5120 summum
514 5083 570 5118 esse
592 5069 703 5122 militare
727 5085 820 5122 manns
842 5071 871 5122 in
895 5073 1025 5138 Aegypto.
1046 5072 1186 5138 ‚Denique
1210 5075 1336 5125 nonnulla
1358 5074 1391 5125 de
1412 5063 1669 5140 praetercurrentes
1752 5113 1753 5148 ,

369 5161 489 5225 exposuit
500 5161 685 5224 Mommseuas,
704 5177 762 5212 curu
780 5163 883 5214 titulum
901 5161 934 5214 Τ.
949 5164 1033 5216 Flavii
1045 5165 1187 5230 Vergiliani
1207 5163 1296 5231 (supra
1313 5181 1340 5218 n.
1354 5165 1399 5228 24)
1419 5165 1506 5216 ederet
1522 5165 1548 5212 ln
1559 5148 1668 5238 aurardi

369 5254 532 5320 ephemeride
551 5254 680 5308 arehaeol.
698 5255 807 5310 XXVII
826 5253 919 5316 (1869)
938 5270 963 5320 p.
980 5256 1041 5306 123.
