3568 6070
361 641 434 714 174
885 648 1158 703 soorusrsuusn

360 829 432 892 249
454 831 490 889 Iu
510 846 583 890 vase
602 827 706 888 neseio
726 826 812 886 cuins
833 825 958 884 formae.

871 991 1083 1086 ΕΕΡΛΠΙΟ·
1133 1015 1161 1060 <a

902 1102 1042 1190 Atura
1134 1134 1161 1182 r:

361 1221 533 1300 Descripsit
550 1220 713 1282 Fiorellus.

404 1321 466 1383 cfr.
487 1343 518 1383 n.
534 1321 606 1383 250.

363 1529 434 1591 250
456 1531 493 1589 In
515 1531 678 1608 amphorae
698 1529 866 1608 fragmento
887 1499 1053 1588 atramento
1073 1525 1233 1604 seriptum
1254 1531 1339 1584 extat
1358 1524 1391 1582 iu
1412 1521 1550 1583 thermis.

877 1679 1179 1764 <CPM¹iC

561 1839 563 1844 ·
910 1789 1042 1874 ΔωΡο

361 1907 529 1985 Descripsi.
572 1906 681 1966 Tab.I
703 1906 731 1966 8.

403 2007 466 2069 cfr.
490 2029 520 2067 n.
537 2007 606 2068 249.
629 2006 686 2080 IV,
702 2005 793 2066 2725,
810 2005 902 2067 2849.

363 2214 427 2276 att
454 2217 490 2275 ln
518 2217 664 2293 amphora
692 2214 771 2292 (IV)
799 2215 831 2273 in
858 2214 1017 2292 peristylio
1044 2213 1152 2274 domus
1180 2232 1209 2272 n.
1227 2213 1266 2300 18
1292 2211 1410 2272 insulae
1431 2203 1465 2270 H
1492 2209 1618 2290 regionis
1635 2209 1674 2268 lx
1761 2197 1762 2228 ³

404 2335 507 2378 mense
527 2317 669 2376 Ianuario
694 2316 774 2376 1870
794 2324 915 2394 reperta
935 2323 1101 2376 atramento
1122 2316 1276 2394 seriptum.

933 2465 1127 2561 nanor

959 2603 1145 2692 ÷auon

363 2800 521 2878 Descripsi
543 2801 662 2860 titulum
684 2819 789 2862 recens
810 2801 967 2874 effossum3
989 2801 1107 2860 litterae
1129 2799 1258 2878 grandes
1280 2806 1311 2858 et
1331 2797 1443 2858 clarae.

261 3051 264 3056 .
363 3005 434 3066 252
461 3007 498 3066 Iu
519 3026 609 3068 urneo
636 3007 710 3085 (Vl)
733 3027 835 3068 meuse
856 3009 967 3070 Martio
993 3009 1072 3070 1868
1094 3009 1127 3068 in
1147 3008 1305 3086 peristylio
1327 3008 1436 3070 domus
1457 3009 1501 3068 M.
1524 3005 1600 3069 Gavi
1619 3005 1677 3065 Ruti

404 3118 523 3187 reperto
545 3118 711 3171 atramento
733 3111 893 3189 scriptum
914 3112 1039 3171 exiebat
1059 3110 1091 3171 in
1112 3110 1245 3170 thermis.

363 3501 522 3578 Descripsi
543 3521 610 3563 oum
633 3504 730 3565 amieo
752 3505 789 3564 de
811 3505 912 3564 Petra.

447 3691 573 3752 Romae.

880 4199 1182 4303 nvounsrvn

451 4373 564 4434 Titulis
586 4395 605 4434 a
618 4374 720 4434 Brizio
742 4396 770 4435 a.
784 4375 864 4435 1870
885 4378 1044 4456 descriptis
1065 4379 1127 4437 iam
1147 4377 1294 4438 accedunt
1315 4377 1368 4436 aiii
1389 4379 1544 4456 superiore
1564 4391 1635 4436 anno
1653 4373 1678 4429 in

369 4473 493 4534 aedibus
519 4475 630 4553 templo
656 4476 737 4554 quod
763 4477 870 4536 dieitur
883 4479 1018 4546 Veneris
1038 4499 1057 4540 a
1082 4487 1168 4557 parte
1193 4479 1370 4540 occidentali
1398 4479 1624 4540 adhaerentibus
1642 4491 1679 4532 re·

368 4573 446 4649 perti
473 4585 503 4635 et
523 4597 542 4636 a
562 4577 642 4636 Iulio
663 4579 700 4638 de
720 4578 814 4638 Petra
834 4559 866 4638 in
887 4581 1062 4640 novissimis
1084 4581 1306 4640 commentariis
1328 4581 1522 4642 effossionum
1544 4574 1681 4656 (deamat

369 4675 447 4750 depli
467 4681 547 4735 soavi
566 4680 598 4736 di
618 4678 735 4756 Pompei
755 4680 786 4738 11
806 4700 837 4757 p.
854 4679 923 4740 181.
942 4681 1014 4757 182)
1037 4682 1118 4742 editi.
1161 4683 1246 4742 Vasa
1266 4683 1298 4742 iu
1319 4683 1426 4759 quibus
1446 4683 1593 4761 leguntur,
1612 4673 1679 4736 haud

370 4775 434 4833 seio
456 4795 495 4834 an
516 4778 555 4839 ad
577 4777 692 4838 Gaviae
713 4778 843 4842 Serenae
864 4790 974 4858 penum
994 4783 1202 4861 pertinuerint,
1226 4785 1311 4843 ouius
1334 4803 1442 4843 nomeu
1462 4785 1572 4862 legitur
1590 4780 1619 4838 in
1637 4776 1679 4834 tri·

371 4873 428 4934 bus
450 4877 546 4935 urceis
568 4885 598 4937 et
619 4880 735 4940 duabus
757 4883 920 4961 amphoris.
957 4881 1036 4945 Sane
1057 4886 1089 4944 in
1108 4880 1242 4946 membro
1257 4885 1388 4964 quodam
1402 4885 1563 4945 earundem
1576 4879 1678 4941 aedium

370 4976 479 5050 parieti
504 4977 678 5058 inscriptum
703 4992 751 5042 est
776 4985 821 5044 M.
851 4983 963 5046 Gavius
988 4970 1143 5047 Prothimr'o
1169 4979 1383 5071 [Προθυμῖωνῖ]
1412 4986 1474 5064 (vd.
1503 4977 1677 5046 Gioruolell

371 5093 402 5150 p.
421 5076 516 5153 180),
543 5097 633 5157 quem
660 5083 692 5142 in
719 5093 859 5163 promptu
887 5093 935 5146 est
962 5088 1108 5164 suspicari
1136 5087 1270 5148 eiusdem
1291 5086 1408 5150 Gavisa
1434 5088 1528 5149 fuisse
1547 5069 1676 5146 libertum·

371 5175 523 5237 Subieiaur
550 5181 626 5242 duos
652 5184 756 5244 titulos
782 5204 860 5263 quos
881 5187 978 5249 Iulius
1004 5189 1156 5251 de-Petra
1180 5189 1294 5278 ibidem¹
1316 5189 1411 5278 edidit
1436 5191 1495 5251 alio
1519 5189 1583 5249 looo
1606 5181 1676 5263 prius

370 5287 515 5359 repertos.
908 5295 910 5299 '
1046 5295 1049 5299 ’
1155 5312 1157 5315 ’
