3568 6070
313 589 385 662 108
554 647 558 652 .
835 600 1118 656 nmruuauuenu

309 779 419 840 Dionis
446 785 600 838 auctorem
626 775 737 848 fuisse,
766 793 855 852 quem
883 775 914 832 iu
942 773 1116 834 universum
1143 790 1212 831 eum
1238 771 1271 832 in
1298 790 1335 830 ea
1361 769 1508 830 sententia
1533 770 1638 844 fnisse,

309 883 483 960 Augustum
509 877 632 938 omnino
656 875 846 952 imperatoris
867 893 976 946 nomen
998 875 1056 934 sibi
1076 890 1257 934 reservasse.
1299 870 1389 946 Quod
1410 889 1556 948 expresso
1577 871 1640 930 Ta·

309 983 362 1042 citi
382 980 553 1041 testimonio
574 977 721 1038 refellitur
742 995 811 1036 444.
825 976 886 1048 ΙΙΙ,
901 973 942 1034 74
962 975 1114 1053 (coacessit
1133 975 1301 1052 quibusdam
1323 983 1349 1033 et
1368 973 1519 1050 Augustus
1539 974 1573 1032 id
1589 991 1639 1032 vo·

308 1082 466 1158 eubalum).
507 1079 673 1140 Eckhelius
694 1079 735 1138 D.
756 1076 798 1138 N.
821 1077 849 1137 8.
870 1076 929 1136 345
952 1084 1057 1154 putere
1078 1075 1205 1148 videtur,
1230 1075 1369 1152 Augusto
1390 1073 1525 1151 principe
1545 1073 1639 1134 nemi·

309 1203 379 1246 nem
411 1182 472 1242 nisi
503 1181 659 1260 privignos
691 1179 755 1238 eius
783 1177 937 1236 Tiberium
965 1176 1160 1254 Drusumque
1186 1177 1396 1254 imperatorem
1422 1175 1526 1236 fuisse.
1576 1173 1640 1236 Sed

311 1285 441 1361 scriptor
460 1283 526 1343 vix·
539 1281 667 1341 dixisset
687 1280 872 1358 quibusdum,
900 1277 959 1338 nisi
980 1277 1205 1353 praetoribus,
1231 1295 1358 1354 quorum
1379 1277 1515 1336 condicio
1536 1277 1639 1354 singu·

310 1385 384 1444 luris
411 1391 488 1456 erat,
518 1383 621 1442 etiam‘
634 1381 687 1440 ulii
713 1380 851 1440 fuissent.
893 1377 959 1438 Imo
986 1379 1036 1440 hic
1060 1377 1173 1438 factum
1199 1395 1266 1438 csse
1291 1377 1410 1438 videtur
1434 1377 1528 1450 idem,
1556 1377 1639 1454 quod

311 1486 396 1544 verbi
416 1501 510 1544 causa
529 1484 562 1543 in
582 1481 733 1559 triumpho
753 1481 865 1540 fuctum
886 1486 943 1552 cst,
964 1488 998 1538 ut
1017 1480 1105 1538 initio
1126 1479 1245 1557 imperii
1259 1478 1391 1555 Augusti
1412 1479 1546 1555 saepius,
1566 1493 1639 1538 mox

212 1592 217 1600 '
310 1587 408 1646 rarius
429 1584 556 1663 privetis
578 1582 790 1643 concederetur
810 1581 841 1640 id
863 1581 945 1658 quod
966 1588 1072 1658 postea
1090 1579 1144 1639 uni
1164 1579 1339 1657 imperatori
1358 1587 1545 1640 reservatum
1560 1586 1617 1638 est.

395 1685 426 1746 2.
467 1686 557 1746 Anno
574 1682 653 1743 1855
675 1683 821 1743 orientem
841 1698 946 1741 versus
967 1681 1191 1741 aPsrthenoae
1211 1681 1293 1740 basis
1314 1680 1472 1740 marmoris
1492 1680 1640 1740 Pentelici

309 1789 432 1848 inventa
452 1794 507 1859 est,
529 1787 614 1844 cuius
635 1803 654 1844 4
674 1783 781 1844 dextre
800 1791 886 1860 perte
907 1781 1061 1842 dimidium
1081 1782 1145 1842 fere
1158 1781 1256 1860 periit,
1277 1799 1345 1841 cum
1359 1783 1418 1842 hoc
1431 1781 1529 1856 titulo,
1549 1799 1639 1859 quem

311 1887 405 1949 edidit
422 1887 555 1948 Pittakis
574 1881 642 1962 Ἐφ.
663 1881 738 1968 cipp,
761 1882 853 1958 3112,
875 1883 974 1948 denuc
996 1883 1157 1961 descripsit
1178 1881 1223 1944 ΙΙ.
1239 1882 1387 1944 Kochlerr

796 1995 934 2051 namot*

797 2095 1152 2152 ΕΡΑΝΠΑΡΘΕΝΟΝ

832 2197 1130 2253 ΙΙΟΥΟΥΙΡΡΩΝΟΣ
1236 2203 1239 2210 ’

855 2297 1154 2354 ΣΕΒΕΙΑΣΕΝΕΚΑ

311 2417 546 2495 Quaerentibus,
572 2413 722 2494 quomodo
744 2414 927 2494 supplendus
949 2415 1003 2488 sit,
1031 2413 1132 2473 statim
1153 2420 1279 2492 apparet
1299 2433 1326 2474 v.
1343 2413 1362 2474 2
1383 2408 1474 2498 1]ερᾶν
1495 2405 1639 2499 παρθένον

311 2521 463 2602 44148414ι
475 2519 580 2578 fuisse.
614 2517 729 2577 Eodem
743 2516 892 2577 vocabule
912 2513 1103 2576 inveniuntur
1116 2515 1148 2574 in
1161 2515 1249 2575 titulo
1263 2515 1367 2576 Attico
1385 2511 1454 2592 ’Epa
1468 2511 1545 2599 ἆρχ.
1563 2516 1636 2577 246:

309 2621 344 2678 ‘O
367 2615 485 2700 δ[ἤμος]
501 2607 659 2702 Ουάλερῖαν
679 2610 755 2700 ἱερὰν
775 2606 934 2702 παρθένοις
956 2615 1061 2676 deinde
1082 2617 1172 2676 etiam
1190 2611 1259 2694 Ἐφ.
1275 2614 1355 2678 3823
1377 2619 1421 2678 ita
1439 2618 1638 2696 supplendum

310 2731 366 2796 est,
387 2723 439 2782 ubi
460 2721 535 2781 haec
554 2727 690 2780 exstant:
827 2757 1120 2813 ΑΥΡΗΛΙΑΝΙΕΡΑΝ

854 2859 1096 2914 ΥΓΑΤΕΡΑΕΥΣ

310 2976 377 3038 Has
396 2976 489 3054 igitur
508 2973 718 3051 inscriptiones
739 2991 843 3034 omnes
864 2973 903 3032 sd
923 2977 1047 3052 virgines
1071 2974 1196 3035 Vestales
1217 2971 1329 3036 referre
1349 2992 1410 3034 non
1423 2975 1535 3036 dubito.
1571 2974 1636 3036 Pri·

310 3097 393 3140 mum
420 3077 499 3136 enim
525 3076 692 3150 nescimus,
719 3075 792 3152 quid
816 3076 848 3135 in
876 3075 970 3136 sacris
992 3075 1102 3135 Atticis
1129 3067 1637 3160 41441144444444111ερᾶπαρθέ.

311 3179 414 3256 vcc¹);
435 3177 544 3237 deinde
564 3177 596 3236 in
616 3177 661 3236 eis
682 3175 798 3236 duabus
819 3176 1076 3254 inscriptionibus,
1096 3177 1149 3236 ubi
1170 3195 1279 3238 nomen
1299 3178 1400 3254 ipsum
1413 3185 1567 3237 servatum
1581 3185 1637 3250 cst,

220 3302 227 3318 ·
311 3280 409 3340 solum
431 3296 539 3339 nomen
559 3277 744 3356 gentilicium
761 3277 930 3338 Romanum
951 3277 1110 3338 invenitur.
1146 3280 1249 3358 Atque
1269 3269 1338 3361 ἱεραὶ
1358 3269 1496 3362 παρθένοι
1517 3279 1637 3356 quidem
1728 3351 1732 3360 ι

310 3385 475 3458 nusquam,
502 3379 583 3458 quod
611 3379 720 3452 sciam,
749 3379 829 3457 apud
857 3381 1018 3456 scriptores
1048 3377 1185 3440 dicuntur
1210 3379 1342 3458 virgines
1363 3380 1516 3454 Vestales3
1548 3382 1637 3457 plene

310 3482 410 3542 simile
434 3489 534 3541 eutem
561 3489 608 3540 est
633 3480 715 3558 apud
740 3481 871 3540 Dionem
897 3479 1037 3540 Cassium
1062 3475 1153 3562 ἱέρειαι
1175 3471 1356 3564 ἄειπαρθὲνοι
1383 3480 1452 3558 (48,
1469 3482 1519 3554 37,
1537 3484 1564 3541 l.
1586 3483 1636 3556 51,

313 3584 362 3656 19,
376 3581 410 3660 2)
432 3591 485 3642 aut
505 3581 682 3660 simpliciter
702 3572 883 3665 ἆειπαρθὲνοι
905 3581 971 3658 (48,
986 3581 1037 3656 46,
1053 3581 1081 3640 2.
1100 3582 1151 3656 54,
1167 3581 1216 3656 24,
1232 3580 1265 3660 2)
1275 3581 1315 3658 ²).
1352 3580 1438 3656 Quae
1459 3601 1531 3643 vero
1553 3583 1637 3662 virgo

309 3683 445 3744 Vestalis
471 3683 559 3742 titulo
579 3681 633 3742 illo
653 3683 825 3756 honoretur,
852 3689 975 3760 propter
994 3683 1131 3743 mutilam
1151 3683 1262 3760 lepidis
1283 3683 1488 3745 condicionem
1509 3685 1637 3762 intelligi

309 3803 372 3844 non
386 3791 505 3859 posset,
525 3782 586 3842 nisi
607 3782 668 3843 4114
687 3783 771 3843 basis
791 3785 864 3844 item
883 3783 1013 3844 Athenis
1034 3785 1157 3844 invento
1177 3792 1259 3844 esset
1276 3778 1346 3844 cum
1366 3786 1424 3845 hoc
1443 3785 1531 3846 titulo
1554 3781 1639 3866 ΙἘΦ.

310 3880 385 3968 ἇρχ.
399 3884 510 3961 4011):
527 3876 565 3940 “0
587 3877 674 3955 δῆμος
692 3879 698 3962 Ι
716 3875 843 3966 ΣΙέξτον
859 3877 1007 3950 Οὐιβῖδιον
1022 3875 1164 3969 Ov’r'ppwnu
1182 3881 1188 3965 Ι
1207 3880 1306 3968 ἀρετῆς
1326 3873 1407 3943 ἕνεκα
1425 3884 1432 3963 Ι
1448 3875 1514 3966 14]σεῖ
1530 3879 1638 3950 εὔνοιάς

310 3985 361 4056 τῆς
381 3983 420 4046 εἷς
440 3975 550 4042 ἑαυτόν.
593 3982 769 4062 Cognomen
789 3985 871 4062 quod
891 3995 939 4046 est
959 3986 1042 4046 Virro
1064 3987 1249 4046 rarissimum
1271 3993 1333 4062 est,
1358 4005 1456 4064 neque
1476 4005 1533 4066 ego
1550 3971 1637 4048 eliud

310 4085 482 4162 exemplum
507 4085 587 4144 nori.
629 4085 735 4146 Virrus
755 4087 905 4146 iuvenitur
924 4087 968 4160 ΙΙ,
983 4087 1076 4161 4970,
1091 4107 1145 4162 sss,
1173 4085 1288 4148 Virrius
1308 4107 1416 4147 nomen
1436 4090 1548 4166 gentile
1568 4091 1638 4150 inde

239 4163 249 4182 ⁸
310 4185 477 4245 derivatum
497 4185 552 4258 IV,
568 4187 639 4260 878,
660 4186 767 4247 Livius
789 4187 840 4261 23,
856 4187 883 4248 6.
907 4188 1023 4261 26,13.
1042 4189 1089 4264 14,
1117 4189 1215 4250 Virrio
1235 4189 1263 4263 I,
1284 4209 1314 4266 p.
1330 4189 1389 4248 602
1398 4189 1439 4266 ³).
1484 4188 1586 4264 Quare
1606 4191 1637 4249 id

309 4304 476 4364 cognomen
497 4287 587 4346 etiem
607 4289 722 4348 144114
741 4295 829 4365 gente
849 4289 944 4350 fuisse
963 4309 1070 4366 parum
1084 4289 1247 4349 verisimile
1262 4296 1324 4362 est3
1344 4291 1446 4366 itaque
1460 4291 1536 4366 quin
1548 4291 1636 4351 etium

309 4387 394 4465 virgo
407 4387 541 4448 Vestalis
562 4387 616 4449 ills
628 4387 744 4450 Vibidii
759 4389 898 4451 Virronis
919 4390 1075 4451 cuiusdam
1095 4391 1159 4452 iilis
1177 4391 1271 4451 fuerit
1290 4407 1350 4450 non
1370 4390 1474 4452 dubito
1488 4397 1579 4470 etque
1593 4392 1635 4453 sic

309 4487 427 4546 titulum
451 4489 592 4566 suppleo:

387 4680 411 4744 ¹)
438 4681 548 4734 Pittakis
566 4682 601 4732 sd
618 4674 678 4752 118.
699 4684 771 4734 3112
790 4684 866 4748 dicit,
885 4685 1020 4736 Minervae
1038 4685 1198 4736 sacerdotem
1217 4683 1410 4750 intelligendum
1429 4699 1498 4746 esse,
1518 4685 1565 4735 sed
1582 4686 1634 4735 eius

311 4773 349 4822 rei
367 4773 494 4822 rationem
512 4773 609 4823 nullam
628 4774 712 4826 affert.
748 4773 822 4837 Quse
839 4782 973 4842 prestares
990 4777 1023 4826 de
1042 4791 1073 4826 eo
1092 4777 1181 4837 titulo,
1200 4777 1319 4841 inprimis
1337 4776 1370 4826 de
1388 4775 1545 4839 nominibus,
1564 4777 1632 4837 dicit,

311 4863 414 4912 silentio
431 4865 571 4927 praeterire
590 4865 680 4916 melius
699 4867 756 4916 erit.

386 4949 412 5014 ²)
439 4954 520 5018 Apud
538 4955 611 5018 ulios,
629 4957 709 5007 veluti
726 4957 883 5022 Dionysium
900 4959 1163 5020 Helicsmesseusem,
1180 4949 1324 5014 Ἑστιάδας.

387 5040 412 5104 ⁸)
439 5044 521 5095 Aliud
543 5061 638 5098 noman
655 5043 742 5098 Vtricc
764 5064 821 5100 esse
837 5049 951 5114 videtur,
976 5051 1046 5116 quod
1070 5050 1188 5102 nonnulli
1211 5050 1329 5100 homines
1352 5047 1517 5102 illustrissimi
1538 5048 1633 5098 ultimis

310 5133 414 5198 imperii
436 5136 602 5190 occidentalis
625 5139 783 5206 temporibus
802 5148 935 5206 gesserunt
959 5139 1003 5203 (ci.
1023 5142 1056 5194 de
1073 5141 1150 5195 Rossi
1168 5141 1196 5194 14
1215 5141 1285 5193 Anu.
1304 5141 1369 5194 Inst.
1387 5139 1439 5194 vol.
1452 5139 1521 5193 XXI
1540 5136 1631 5199 (1349)

310 5240 336 5288 p.
351 5225 402 5277 281
411 5225 468 5292 sp).
