3620 6080
522 677 818 733 oasunvnmouus
835 683 955 734 seren.
973 685 1050 739 xrv.
1111 699 1115 712 ·
1376 675 1449 746 277

129 775 1452 804 Ἣ

125 868 214 926 quam
241 849 384 918 affirmet,
412 847 485 904 mihi
514 851 663 907 contraria
685 853 831 910 sententia
853 855 947 929 magis
968 855 1075 931 placet.
1114 853 1234 916 Scilicet
1254 879 1320 917 cum
1341 863 1373 920 in
1394 865 1448 922 im-

125 949 215 1026 periis
244 949 291 1008 sui
319 949 391 1005 iuris
417 948 445 1006 Is
471 948 568 1007 honor
593 968 711 1027 semper
735 954 911 1028 pependerit
937 975 955 1011 a
980 955 1194 1015 dominantium
1221 960 1343 1018 arbitrio
1369 982 1449 1023 eum-

126 1069 181 1126 que
208 1058 238 1106 et
263 1067 349 1126 reges
371 1049 502 1124 Aegypti
530 1057 560 1107 et
580 1051 776 1127 imperatores
799 1053 926 1111 Romani
953 1062 982 1112 et
1008 1055 1060 1112 alii
1081 1058 1195 1131 passim
1224 1077 1291 1116 cum
1313 1062 1374 1120 suis
1395 1083 1450 1140 pro

123 1149 220 1207 lubitu
242 1149 501 1220 communicarint‚
529 1168 614 1226 reges
636 1153 761 1228 imperio
783 1153 919 1210 Romano
941 1155 1051 1213 subditi
1072 1156 1137 1214 iure
1159 1159 1321 1217 constituto
1343 1165 1450 1222 certis·

125 1268 182 1324 que
197 1250 315 1326 legibus
329 1249 416 1307 dictis
439 1268 504 1306 cum
527 1250 569 1306 ita
589 1251 636 1308 ius
657 1271 844 1311 nummorum
859 1254 1058 1312 feriendorum
1079 1255 1249 1327 retinerent,
1271 1267 1303 1318 ut
1324 1262 1450 1336 impera·

123 1358 204 1408 tores
229 1351 268 1407 iis
290 1357 509 1418 concesserant,
538 1349 633 1408 libero
654 1353 783 1410 nominis
807 1354 883 1410 alius
906 1371 995 1428 quam
1018 1355 1064 1412 sui
1086 1359 1214 1413 nummis
1236 1357 1382 1419 inferendi
1404 1383 1450 1421 ar·

122 1451 211 1507 bitrio
234 1450 371 1506 videntur
393 1450 535 1507 caruisse.
569 1448 665 1530 Certe·
672 1461 791 1526 praeter
812 1455 866 1511 has
890 1454 1049 1528 dequibus
1072 1457 1189 1532 agimus
1211 1459 1351 1518 mulieres
1373 1463 1449 1521 duae

122 1550 205 1608 solae
227 1550 407 1642 in'nummis
427 1567 586 1624 regnorum
608 1553 733 1626 imperio
756 1552 892 1610 Romano
916 1555 1100 1612 subditorum
1122 1567 1303 1631 comparent,
1331 1558 1449 1636 Gepae-

122 1650 208 1726 pyris
223 1651 326 1726 regina
340 1667 417 1706 uxor
431 1650 612 1708 Mithridatis
627 1652 676 1708 III
690 1654 769 1727 regis
785 1653 915 1728 Bospori
930 1655 967 1710 ab
984 1673 1010 1711 a.
1027 1653 1065 1710 42
1082 1654 1120 1711 ad
1135 1674 1161 1712 a.
1178 1657 1227 1728 49,
1250 1676 1327 1732 quae
1341 1670 1370 1718 et
1385 1664 1451 1721 sola

121 1751 152 1806 in
182 1750 220 1807 iis
247 1751 397 1807 invenitur
425 1757 453 1807 et
479 1767 544 1806 cum
572 1753 694 1824 marito,
724 1762 753 1810 ct
780 1753 962 1828 Tryphaena
988 1754 1091 1828 regina
1117 1774 1194 1812 uxor
1219 1757 1393 1818 Polemonis
1419 1763 1451 1819 II

121 1850 205 1926 regis
228 1850 332 1920 Ponti,
358 1868 436 1924 quae
461 1869 520 1907 non
546 1851 695 1908 invenitur
721 1852 777 1909 nisi
800 1871 866 1909 cunr
889 1852 1010 1923 marit0;
1038 1863 1067 1910 et
1094 1861 1125 1912 ut
1146 1855 1252 1912 harum
1275 1857 1342 1916 iura
1362 1862 1450 1920 facile

122 1950 161 2006 ad
185 1950 344 2026 privilegia
363 1951 497 2008 revocari
522 1959 675 2025 poterunt,
702 1952 744 2007 ita
776 1969 892 2008 summa
924 1953 1072 2010 eiusmodi
1102 1973 1288 2013 nummorum
1314 1962 1449 2033 paucitas

121 2051 176 2107 vix
200 2061 279 2108 recte
300 2051 382 2108 casui
404 2051 559 2108 tribuetur.
575 2083 614 2092 -
638 2049 726 2122 Quod
747 2052 773 2108 si
791 2051 968 2126 Cleopatrae
990 2055 1047 2110 hoc
1068 2071 1242 2112 concessum
1255 2065 1321 2127 est,
1343 2067 1375 2116 ut
1396 2041 1450 2118 suo

120 2151 188 2207 iure
202 2161 350 2228 regnaret,
371 2151 436 2208 fieri
450 2159 558 2226 potest,
581 2169 646 2207 cunr
662 2152 784 2208 annales
800 2153 933 2209 scribant
947 2153 1052 2209 Iubam
1074 2154 1111 2210 ab
1127 2156 1265 2229 Augusto
1285 2166 1315 2214 et
1335 2169 1451 2232 partem

118 2251 208 2328 regni
229 2252 356 2327 paterni,
382 2251 412 2308 id
434 2261 480 2308 est
501 2251 671 2321 Numidiae,
698 2253 850 2325 accepisse
878 2260 907 2308 et
929 2261 1082 2325 praeterea
1103 2271 1226 2328 regnum
1248 2257 1452 2317 Mauretaniae

118 2350 239 2424 (Strab.
265 2352 311 2422 17,
342 2352 370 2421 3,
394 2351 410 2407 7
439 2371 469 2427 p.
491 2350 564 2422 8283
592 2351 652 2409 Dio
675 2351 724 2422 53,
749 2350 817 2426 26),
847 2360 879 2408 ut
903 2352 978 2408 illud
1000 2353 1064 2427 ipse
1093 2353 1239 2424 habuerit,
1265 2357 1321 2414 hoc
1347 2360 1450 2416 uxoris

117 2451 259 2523 nomine3
287 2452 341 2508 sed
368 2457 467 2526 potest
493 2451 582 2508 etiam
611 2451 728 2526 utrique
750 2452 868 2526 coniugi
896 2460 1139 2527 totumregnum
1161 2458 1311 2513 communi
1331 2459 1451 2516 nomine

118 2549 228 2608 datum
251 2569 328 2608 esse.

209 2649 399 2727 Cleopatram
415 2659 484 2709 ante
499 2651 636 2708 maritum
653 2651 765 2710 obiisse
779 2651 848 2708 inde
863 2659 988 2722 constat,
1003 2653 1083 2726 quod
1097 2659 1217 2711 auctore
1232 2654 1362 2732 Iosepho
1378 2657 1452 2731 (ant.

117 2751 190 2809 Iud.¹
215 2751 264 2821 17,
295 2753 342 2821 13,
365 2752 398 2820 4;
424 2751 494 2808 bell.
523 2751 588 2808 Iud.
616 2749 645 2820 2,
674 2751 702 2821 7,
729 2751 763 2826 4)
791 2748 949 2826 Glaphyra
974 2751 1037 2808 filia
1063 2753 1204 2810 Archelai
1231 2756 1311 2830 regis
1334 2754 1452 2831 Cappa-

116 2852 228 2910 dociae
261 2851 399 2908 defuncto
427 2851 522 2925 primo
555 2851 661 2908 marito
689 2851 863 2908 Alexandro
891 2850 1022 2907 Herodis
1056 2852 1118 2908 lilio
1143 2855 1246 2926 nupsit
1271 2854 1364 2913 Iubae
1390 2859 1454 2932 regi

115 2952 329 3010 Mauretaniae
351 2941 449 3024 (Ἰόβᾳ
471 2952 524 3005 τῶν
546 2941 662 3013 Λιβύων
683 2941 831 3026 Curtaei).
863 2950 1016 3008 Interemit
1029 2960 1128 3009 autem
1143 2953 1349 3012 Alexandrum
1371 2967 1456 3031 pater

115 3051 263 3110 Herodes
278 3052 361 3108 brevi
376 3059 508 3126 tempore
531 3059 598 3106 ante
614 3069 704 3124 quam
726 3051 789 3126 ipse
810 3057 945 3107 mortuus
968 3058 1013 3108 est
1035 3069 1062 3108 a.
1077 3072 1105 3108 ιι.
1122 3070 1145 3108 0.
1164 3052 1239 3122 750;
1260 3064 1331 3130 post
1350 3076 1377 3113 a.
1395 3057 1454 3114 750

115 3155 217 3230 igitur
234 3150 391 3227 Glaphyra
405 3151 534 3208 secundo
550 3151 739 3228 matrimonio
756 3151 889 3207 vacabat.
924 3149 1059 3223 Quocum
1075 3153 1221 3222 convenit,
1245 3155 1326 3228 quod
1341 3158 1454 3214 nummi

115 3255 173 3329 qui
210 3252 250 3309 ad
277 3252 456 3326 posteriores
481 3251 575 3307 Iubae
607 3268 702 3307 annos
729 3251 879 3326 pertinent
906 3247 1086 3324 Cleopatrae
1112 3269 1220 3308 nomen
1245 3270 1305 3309 non
1330 3266 1454 3326 ponunt.

115 3353 251 3414 Scilicet
272 3369 409 3409 nummos
432 3351 496 3407 eius
512 3369 621 3406 annum
642 3350 726 3426 regni
749 3329 936 3406 enuntiantes
957 3367 1024 3406 cum
1046 3366 1105 3405 non
1120 3349 1283 3408 habeamus
1303 3352 1362 3408 nisi
1385 3355 1456 3411 anni

114 3453 165 3512 VI
194 3462 226 3510 et
254 3453 292 3510 ab
321 3470 398 3507 auno
420 3450 531 3507 XXXI
558 3450 595 3506 ad
617 3449 771 3521 XLVIII,
797 3449 882 3506 illurn
904 3447 974 3506 anni
997 3448 1086 3517 sexti,
1112 3449 1143 3504 id
1166 3457 1211 3506 est
1233 3469 1260 3506 a.
1283 3470 1312 3506 u.
1334 3469 1359 3508 0.
1384 3453 1454 3524 734,

114 3555 284 3628 utriusque
306 3551 440 3627 coniugis
462 3568 570 3607 nomen
592 3549 703 3607 habere
718 3549 806 3607 modo
822 3548 960 3618 vidimus,
981 3546 1013 3603 in
1035 3547 1160 3621 reliquis
1174 3550 1255 3608 cusis
1277 3549 1356 3606 anno
1370 3552 1455 3627 regni

112 3652 258 3724 XXXI,
289 3671 319 3708 ιι.
345 3670 370 3708 0.
401 3650 459 3710 759
488 3656 517 3706 01
543 3650 681 3724 deinceps
710 3650 793 3706 solus
821 3647 896 3705 Iuba
922 3646 1106 3716 nominatur,
1138 3649 1306 3722 erravitque
1334 3651 1455 3710 omnino

113 3753 308 3824 Muellerus,
336 3770 401 3808 cum
423 3770 451 3826 p.
476 3749 532 3806 108
555 3749 678 3823 Iosephi
704 3749 874 3806 testimonio
899 3747 1034 3824 neglecto
1060 3754 1151 3821 caput
1178 3748 1321 3807 muliebre
1343 3751 1374 3807 in
1396 3769 1456 3809 uno

113 3872 233 3914 eorum
256 3851 326 3908 anni
339 3850 451 3907 XXXI
472 3849 658 3923 propositum
679 3848 798 3906 nomine
818 3849 902 3905 nullo
924 3846 1075 3922 adscripto
1097 3847 1135 3903 ad
1152 3844 1344 3924 Cleopatram
1365 3857 1458 3908 rettu-

111 3952 207 4031 lit1).
232 3985 274 3995 -
305 3948 479 4025 Glaphyrus
500 3947 674 4006 tribuendus
698 3958 745 4007 est
766 3949 870 4006 titulus
892 3947 1020 4005 Athenis
1048 3946 1079 4002 in
1105 3964 1174 4004 arce
1199 3957 1335 4024 repertus
1361 3949 1457 4009 adhuc

110 4056 270 4124 ineditus,
285 4069 374 4126 quem
389 4069 427 4107 ex
438 4048 626 4108 collectaneis
637 4047 849 4107 Kcehlerianis
864 4066 979 4106 mecum
994 4046 1222 4105 communicavit
1232 4047 1457 4126 Dittenberger:

697 4179 905 4251 litterarum
1015 4180 1018 4186 ·

682 4280 883 4350 recursans)

618 4380 867 4451 101110γο0·

693 4486 823 4539 fruta<

108 4634 163 4691 sic
191 4625 308 4702 opinor
328 4620 540 4680 restituendus:

205 4980 237 5041 ¹)
261 4977 386 5029 Altredus
404 4976 486 5029 Sallet
503 4977 538 5027 ad
556 4992 597 5026 me
616 4975 717 5040 scripsit
735 4979 811 5037 capnt
829 4972 879 5022 hoc
891 4972 967 5036 longe
986 4973 1106 5024 recedere
1125 4975 1156 5025 ab
1170 4977 1281 5040 imagine
1295 4975 1457 5041 Cleopatrae,

107 5075 240 5145 qualem
258 5070 396 5120 exhibeant
415 5068 513 5118 nummi
532 5069 603 5128 certi,
622 5067 721 5130 sibique
741 5065 806 5114 adeo
824 5064 898 5112 virile
916 5065 998 5127 magis
1018 5065 1100 5115 videri
1119 5067 1203 5116 simile
1222 5068 1300 5131 capiti
1318 5067 1462 5119 Ptolemaei

106 5184 146 5220 eo
172 5161 259 5232 quod
278 5161 389 5210 cernitur
408 5160 436 5208 in
456 5159 562 5210 denario
581 5175 607 5208 n.
629 5157 680 5207 105
700 5156 779 5206 Iubae
798 5160 823 5203 et
841 5153 992 5203 Ptolemaei.

1196 5243 1260 5301 Δ20
