3620 6080
346 588 418 659 288
916 601 1096 653 11055555

345 769 452 836 Μάνιος
471 767 593 834 Ἀκίλιος
614 765 720 829 blaviae
744 765 989 847 0165Ὀλτε[115’]5
1011 791 1038 830 v.
1062 773 1090 828 4.
1135 769 1207 827 Fuit
1232 775 1382 828 55551515
1403 770 1454 827 Μ’.
1477 771 1587 828 Acilius
1605 771 1650 829 Μ’.

386 878 406 934 1.
431 874 557 935 Glabrio
583 873 689 932 duovir
714 873 780 931 aedi
807 873 987 931 dedicandae
1014 892 1040 930 a.
1065 871 1122 928 573
1152 869 1232 945 (Liv.
1253 870 1303 941 40,
1328 871 1390 945 34),
1413 871 1518 928 consul
1544 889 1570 928 a.
1590 871 1651 930 600.

386 975 445 1037 Sed
468 977 542 1035 duos
564 983 626 1034 tum
648 973 765 1032 Manios
788 974 903 1031 Acilios
926 973 1017 1032 Manii
1040 973 1119 1029 filios
1141 972 1172 1028 in
1194 979 1299 1028 senatu
1319 971 1414 1028 fuisse
1435 971 1585 1046 probabile
1605 980 1652 1042 est,

386 1097 453 1136 cum
475 1075 556 1152 quod
577 1094 630 1151 per
656 1094 692 1134 ea
711 1085 847 1149 tempora
872 1082 989 1150 praeter
1013 1073 1129 1130 Δ4511105
1151 1070 1330 1131 Glabriones
1355 1071 1446 1128 etiam
1470 1071 1557 1129 Acilii
1576 1070 1654 1129 Balbi

386 1179 549 1236 floruerunt
573 1183 603 1233 et
629 1177 686 1251 ipsi
712 1175 805 1232 Manii
831 1174 1023 1250 praenomine
1048 1191 1137 1247 saepe
1163 1173 1212 1230 usi
1240 1172 1287 1246 (ut
1312 1191 1338 1228 5.
1363 1172 1423 1229 604
1450 1172 1546 1230 fasces
1572 1171 1654 1248 gessit

387 1277 438 1336 Μ’.
460 1277 576 1336 Acilius
598 1276 634 1334 L.
649 1275 669 1334 f.
686 1275 810 1350 Balbus)
833 1283 894 1332 tum
916 1275 997 1350 quod
1018 1274 1049 1330 in
1070 1274 1127 1331 1105
1150 1291 1208 1329 550
1231 1273 1350 1330 homine
1365 1273 1460 1330 tribus
1482 1271 1653 1342 adscribitur,

386 1387 458 1454 puto
480 1385 513 1435 ut
533 1397 586 1454 per
608 1395 672 1434 eam
694 1377 753 1434 duo
774 1375 907 1433 eiusdem
930 1375 1058 1432 nominis
1080 1375 1134 1432 viri
1158 1373 1394 1448 distinguantur,
1421 1372 1452 1429 id
1475 1372 1552 1446 quod
1576 1372 1654 1428 etiam

386 1479 551 1536 Boucartus
579 1486 658 1536 reete
685 1477 840 1534 intellexit.
887 1473 963 1534 Uter
987 1475 1080 1550 igitur
1105 1475 1300 1550 significetur,
1330 1473 1455 1532 Glabrio
1483 1491 1521 1530 an
1545 1471 1654 1541 Balbus,

386 1579 528 1637 incertum
553 1587 607 1636 est.

346 1669 428 1739 Time
449 1669 577 1746 Nouianae
599 1671 681 1734 Τι’τοο
704 1667 763 1736 vio'e
785 1695 812 1735 v.
835 1677 863 1735 5.
898 1675 979 1733 Idem
1002 1685 1057 1747 est,
1079 1677 1131 1750 qui
1152 1675 1232 1751 apud
1246 1673 1367 1732 Livium
1389 1674 1441 1744 45,
1467 1673 1514 1745 17,
1536 1673 1552 1729 3
1574 1672 1656 1730 nomi-

386 1789 475 1837 natur
494 1779 571 1836 inter
584 1779 699 1856 legatos
720 1797 781 1834 non
796 1777 970 1835 consulares
986 1759 1015 1834 in
1031 1775 1236 1834 Macedoniam
1252 1775 1411 1852 1111550515.
1428 1773 1487 1833 587
1503 1773 1540 1830 ad
1557 1789 1601 1830 res
1621 1772 1655 1829 ibi

387 1879 567 1938 ordinandas
589 1878 625 1936 Τ.
648 1877 803 1936 Numisius
825 1877 1061 1953 Tarquiniensis.

345 1971 464 2040 ilintate
486 1979 607 2038 Μούκιος
630 1973 744 2035 Κοίντου
773 1969 832 2038 vio'r
858 1997 885 2035 v.
911 1979 957 2036 15.
1001 1977 1188 2053 Intellegitur
1213 1976 1249 2034 Ρ.
1279 1975 1399 2034 Μ55155
1424 1973 1461 2046 Q.
1484 1973 1503 2031 f.
1527 1971 1656 2033 Scaevola

387 2080 492 2139 consul
513 2099 539 2138 a.
556 2080 626 2150 579,
647 2079 815 2137 consularis
830 2051 929 2154 igitur,
952 2097 1011 2154 quo
1026 2085 1159 2153 tempore
1174 2077 1210 2134 de
1225 2076 1388 2134 Thisbaeis
1405 2082 1527 2134 senatus
1541 2075 1657 2132 decrevit

386 2189 417 2239 et
437 2189 595 2257 propterea
615 2180 711 2255 primo
732 2181 799 2238 loco
821 2179 989 2236 nominatus
1009 2178 1086 2235 inter
1107 2196 1170 2250 eos,
1191 2179 1243 2252 5111
1259 2178 1419 2251 posteriori
1443 2176 1575 2235 consulto
1597 2175 1656 2234 scri-

386 2281 484 2338 bendo
506 2281 670 2339 adfuerunt.

345 2375 483 2464 Μάαρκος
504 2372 649 2442 Κλαύδιος
671 2371 808 2464 Μαᾶρκου
831 2370 888 2446 υἱός
909 2400 935 2437 v.
959 2381 1006 2437 16.
1042 2379 1232 2457 Intellegitur
1253 2379 1293 2436 M.
1317 2376 1465 2436 Claudius
1487 2379 1527 2435 Μ.
1548 2377 1567 2435 f.
1588 2377 1656 2434 Mar·

387 2484 480 2542 cellus
506 2493 626 2558 praetor
652 2502 678 2540 a.
702 2503 729 2539 u.
753 2501 778 2539 o.
802 2481 861 2539 585
889 2480 971 2554 (Liv.
993 2481 1048 2550 43,
1073 2479 1140 2554 11),
1169 2480 1279 2562 consul
1299 2498 1325 2536 a.
1349 2478 1419 2537 588.
1447 2479 1516 2538 599.
1540 2477 1604 2548 608,
1626 2495 1656 2534 50

386 2585 477 2660 igitur
504 2588 646 2659 tempore,
669 2601 729 2658 550
751 2590 872 2639 senatus
902 2581 1071 2638 consultum
1099 2581 1209 2638 factum
1238 2588 1292 2651 est,
1320 2589 1480 2655 praeturae
1507 2579 1655 2656 proximus

386 2684 464 2743 Nam
486 2684 523 2741 de
545 2684 605 2740 alio
627 2683 667 2740 M.
692 2682 817 2741 Claudio
838 2681 879 2740 M.
902 2681 922 2738 f.
945 2681 1085 2739 Marcello
1108 2681 1228 2738 consule
1250 2699 1277 2737 a.
1301 2680 1371 2750 571,
1396 2680 1537 2738 defuncto
1558 2700 1583 2737 a.
1605 2679 1655 2737 585

387 2785 467 2858 (Liv.
489 2783 539 2855 43,
568 2783 619 2858 18)
647 2783 773 2859 cogitari
799 2799 859 2839 non
884 2789 996 2858 potest,
1023 2782 1163 2856 quoniam
1192 2783 1241 2840 hic
1269 2780 1427 2855 ponendus
1456 2781 1512 2839 fuit
1537 2790 1601 2840 ante
1624 2777 1655 2851 Q.
1763 2773 1764 2794 ³

385 2885 517 2942 Mucium
539 2883 689 2940 consulem
711 2903 738 2940 a.
762 2883 831 2940 579.

344 2973 451 3043 Μάνιος
473 2973 590 3065 Σέργιος
613 2975 720 3038 Μανίου
743 2973 802 3042 aie'e
824 3001 851 3040 v.
877 2983 923 3040 16.
967 2983 1060 3041 Recte
1081 2982 1249 3040 Foucartus
1278 2983 1398 3060 negavit
1423 2983 1556 3058 intellegi
1580 2999 1656 3058 posse

385 3085 427 3144 M.
450 3082 586 3162 Sergium
609 3080 703 3142 Silam
728 3090 895 3159 praetorem
918 3103 945 3141 a.
969 3103 997 3141 5.
1022 3103 1047 3141 5.
1069 3084 1143 3154 557;
1170 3083 1196 3140 15
1224 3083 1303 3140 551111
1330 3090 1399 3159 post
1419 3084 1590 3141 Marcellum
1610 3084 1653 3139 ho·
1762 3105 1763 3118 ¹

386 3186 496 3244 minem
517 3203 577 3242 non
598 3185 781 3260 praetorium
803 3183 944 3241 collocari
964 3203 1024 3242 non
1046 3185 1151 3260 potuit,
1176 3191 1331 3258 praeterea
1352 3184 1476 3242 Marcus
1497 3184 1592 3260 potius
1610 3183 1658 3240 fuit

386 3303 474 3362 555111
495 3286 614 3344 Μ55155
638 3284 779 3359 (5616111.
802 3284 982 3343 1165155155
1003 3305 1032 3361 p.
1056 3285 1140 3360 558).
1176 3285 1224 3341 De
1246 3285 1308 3342 filio
1331 3285 1395 3342 eius
1416 3286 1458 3343 M.
1481 3283 1582 3361 Sergio
1602 3281 1656 3343 Silo

388 3405 476 3462 quem
503 3385 609 3443 Livius
637 3386 688 3456 40,
717 3385 767 3455 44,
795 3385 812 3442 5
842 3385 944 3443 55111111
969 3405 994 3443 a.
1019 3385 1078 3443 586
1104 3385 1235 3461 legatum
1261 3384 1293 3442 in
1317 3383 1495 3442 Macedonia
1517 3385 1656 3454 meruisse,
1761 3429 1762 3450 ,

387 3487 512 3560 cogitari
540 3487 609 3544 lieet
617 3507 625 3556 3
659 3504 837 3562 quamquam
869 3505 906 3542 ne
938 3485 968 3542 in
994 3486 1051 3542 1105
1077 3485 1196 3559 quidem
1221 3501 1314 3542 causa
1339 3491 1384 3542 est
1411 3503 1465 3541 cur
1492 3502 1656 3560 praenomen

385 3586 479 3644 Marci
507 3594 678 3662 corruptum
707 3603 773 3643 esse
795 3594 940 3660 putemus
986 3583 1139 3659 Superest,
1164 3603 1253 3660 quem
1274 3585 1344 3642 item
1366 3583 1539 3644 Foueartus
1560 3584 1654 3655 attulit,

387 3687 507 3744 Manius
530 3685 651 3761 Sergius
673 3706 706 3766 a.
720 3706 748 3743 u.
765 3705 790 3744 c.
807 3687 864 3746 591
889 3705 957 3744 oum
979 3683 1013 3744 0.
1037 3683 1170 3760 Sulpicio
1191 3685 1308 3762 legatus
1330 3685 1361 3742 in
1377 3683 1538 3744 Graeciam
1559 3686 1655 3744 missus

388 3786 512 3862 (Polyb.
536 3788 584 3857 31,
600 3786 629 3857 9,
646 3786 689 3860 6),
711 3805 798 3861 555111
819 3787 973 3863 probabile
994 3793 1040 3845 est
1060 3787 1141 3844 hunc
1161 3786 1261 3862 ipsum
1282 3803 1358 3844 esse.
1391 3783 1452 3858 Qui
1472 3806 1527 3863 pro
1549 3785 1656 3846 consule
1760 3763 1761 3788 ³

386 3886 551 3961 Hispaniae
579 3887 708 3961 praefuit
729 3895 825 3946 aetate
850 3887 963 3945 liberae
984 3888 1028 3945 rei
1053 3887 1190 3963 publicae
1210 3888 1261 3944 Μ’.
1285 3885 1422 3961 Sergium
1444 3887 1493 3945 Μ’.
1516 3888 1536 3944 f.
1558 3886 1655 3962 (roll

384 4007 414 4044 n.
438 3987 516 4045 1486
541 4013 577 4036 =
600 3987 631 4043 II
660 4008 688 4046 n.
716 3988 811 4062 4956)
844 4006 903 4062 550
932 3989 1030 4046 1511155
1051 4007 1106 4064 pro
1128 3987 1232 4046 eodem
1253 3987 1426 4072 habeamus,
1456 3989 1564 4060 obstat,
1584 3985 1655 4062 quod

385 4107 452 4145 cum
473 4087 576 4145 titulus
597 4087 625 4145 is
646 4107 685 4146 ex
700 4107 760 4163 550
775 4088 903 4146 15501511
924 4088 1070 4146 miliarias
1093 4089 1142 4160 sit,
1163 4106 1269 4163 parum
1292 4087 1433 4146 credibile
1454 4097 1502 4147 est
1521 4085 1654 4146 eiusmodi
1759 4137 1760 4164 ,

385 4187 499 4246 riarum
521 4187 796 4246 determinationem
811 4189 907 4264 cippis
923 4189 1043 4265 scriptis
1066 4188 1105 4246 ad
1126 4207 1192 4247 eam
1207 4188 1360 4246 collocatis
1382 4189 1421 4246 ad
1443 4198 1561 4248 sextum
1583 4187 1652 4245 urbis

386 4287 538 4346 saeculum
561 4288 727 4347 ascendere.

427 4385 517 4461 Quod
539 4380 595 4448 υἱός
616 4390 654 4447 ad
676 4391 771 4464 patris
790 4407 899 4448 nomen
920 4397 1034 4448 utnon
1055 4390 1173 4448 additur
1193 4391 1225 4449 in
1247 4389 1372 4449 Graecis
1391 4389 1432 4464 (v.
1449 4390 1514 4466 48),
1536 4391 1576 4447 ita
1594 4405 1653 4446 con·

344 4496 458 4548 stanter
484 4489 664 4547 adscribitur
688 4490 719 4547 in
739 4489 867 4562 Latinis,
888 4490 920 4547 id
940 4490 974 4546 fit
994 4509 1055 4548 non
1075 4497 1199 4567 propter
1225 4491 1424 4568 ignorantiam
1450 4508 1523 4549 usus
1548 4488 1652 4558 Graeci,

343 4590 396 4648 sed
411 4589 490 4667 quod
505 4589 649 4648 Romanis
671 4590 703 4648 in
716 4589 826 4648 talibus
845 4600 962 4666 mature
981 4591 1094 4666 placuit
1115 4609 1200 4650 suam
1214 4592 1456 4650 consuetudinem
1470 4599 1533 4648 tum
1548 4604 1653 4665 quoque

341 4691 480 4762 retinere,
501 4710 568 4749 cum
584 4689 700 4750 Graece
714 4691 915 4766 loquerentur.
949 4687 1138 4766 Quamquam
1152 4692 1184 4749 in
1198 4711 1234 4750 ea
1254 4711 1287 4749 re
1302 4691 1478 4750 documenta
1498 4687 1652 4764 antiquiora

343 4788 400 4844 sibi
421 4807 481 4846 non
502 4799 652 4863 constant3
681 4791 724 4849 ita
744 4792 898 4868 catalogus
920 4809 1120 4866 proxenorum
1142 4791 1358 4868 Delphicorum
1381 4811 1407 4848 a.
1431 4791 1558 4865 557555.
1578 4789 1651 4845 item·
1757 4829 1758 4840 .

343 4901 402 4958 555
429 4895 548 4946 senatus
576 4891 713 4950 consulta
738 4892 796 4949 duo
822 4909 849 4950 a.
873 4892 932 4950 568
958 4891 1138 4966 Delphicum
1166 4891 1278 4968 (Lebas
1304 4901 1334 4950 et
1359 4891 1491 4951 Foucart
1514 4890 1560 4960 II,
1585 4881 1650 4958 852)

343 4988 421 5038 515.
446 4984 504 5042 619
527 4984 690 5048 Prienense
711 4991 824 5066 (Lebas
845 4998 876 5050 et
897 4991 1099 5069 Waddington
1119 4990 1179 5064 III,
1204 4991 1277 5067 195)
1303 4992 1391 5050 1110110
1417 4997 1545 5068 ponunt,
1571 4983 1649 5046 modo

343 5080 499 5153 omittunt,
526 5085 656 5158 epistula
679 5091 720 5148 M.
742 5091 858 5149 Valerii
884 5111 911 5149 a.
934 5092 991 5150 561
1023 5087 1134 5169 scripta
1160 5089 1257 5166 (5.1.
1281 5091 1334 5152 Gr.
1356 5092 1399 5164 Π,
1422 5091 1515 5167 3045)
1543 5085 1647 5153 omittit,

342 5176 399 5238 hoc
420 5180 501 5257 quod
522 5188 683 5244 tractamus
699 5193 992 5252 senatusconsultum
1015 5210 1043 5252 a.
1059 5192 1119 5251 584
1141 5209 1259 5270 semper
1280 5193 1365 5270 ponit
1386 5191 1438 5268 (ci.
1454 5189 1647 5262 Dittenberger
