3568 6070
519 621 817 694 oasnuvnnrouns
836 621 953 674 nmen.
972 623 1047 674 vm.
1371 609 1440 678 151

205 800 369 861 Occasione
395 797 498 856 oblata
525 795 726 853 additamenta
753 793 812 851 diro
839 792 954 850 subieci
979 794 1018 851 ad
1038 797 1312 856 commentariolum
1339 797 1445 877 (supra

127 925 149 964 c.
163 885 194 962 ll
214 923 243 980 p.
260 902 297 961 57
310 899 388 976 seq.)
411 899 447 957 de
468 897 565 956 Iuniis
587 892 710 956 Silonis.

202 1003 366 1062 Admonuit
392 999 640 1076 Dittenbergerus
667 994 937 1072 tituli'prostantis
964 996 1092 1056 Athenis
1121 999 1152 1056 in
1180 997 1269 1059 domo
1294 1000 1444 1062 Barbanis

126 1105 273 1165 cuiusdam
298 1095 367 1186 updc
392 1093 423 1157 el
444 1088 556 1182 βὸρεων
576 1099 628 1168 τῆς
648 1087 792 1166 libandans,
818 1095 892 1155 editi
916 1115 975 1155 non
1004 1097 1068 1156 sine
1094 1099 1249 1178 mendis¹)
1275 1121 1294 1160 a
1313 1103 1444 1164 Pittacio

124 1205 184 1281 Ἐφ.
204 1200 279 1288 ἆρχ.
306 1223 336 1263 n.
353 1200 448 1273 3765,
474 1200 578 1259 huius:
606 1192 638 1255 vd
658 1191 748 1255 uctvdu
769 1199 895 1255 Batwroiv
914 1193 919 1277 Ι
938 1187 1071 1262 Εὐβοέων
1091 1201 1203 1284 Λοκρῶν
1221 1198 1228 1282 Ι
1245 1194 1362 1262 Φωκέων
1381 1210 1445 1262 Δω.

124 1297 194 1390 priua
218 1305 333 1388 Μᾶρκνν
357 1291 498 1378 ’1ου’[ν]ων
523 1296 528 1381 Ι
551 1289 668 1382 Μάρκου
695 1291 752 1356 otlv
779 1289 887 1367 Δὲκμνυ
913 1299 918 1376 Ι
942 1294 1067 1376 υἱ[ω]ν6ν
1094 1293 1229 1362 Σειλανὸν
1251 1303 1257 1380 Ι
1280 1298 1445 1376 detrudat

125 1409 231 1488 σωτῆρα
254 1402 258 1486 Ι
281 1394 330 1462 καὶ
355 1393 509 1486 adamitae.
553 1398 676 1461 Silanus
702 1399 752 1458 hio
772 1400 883 1458 vixerit
903 1417 1026 1460 necesse
1047 1411 1094 1461 est
1114 1404 1299 1481 temporibus
1320 1415 1372 1467 aut
1393 1428 1446 1468 ex-

124 1509 222 1568 tremis
244 1507 357 1566 liberae
378 1504 422 1562 rei
442 1502 579 1580 publicae
600 1507 654 1559 aut
674 1509 754 1560 certe
776 1501 922 1577 Augusti3
944 1520 1011 1560 nam
1033 1511 1103 1578 post
1123 1504 1201 1563 bunc
1215 1517 1445 1583 proquaestores

123 1609 192 1668 nulli
216 1607 417 1668 inveniuntur.
459 1592 524 1662 Iam
553 1612 711 1679 postquam
733 1621 771 1662 ex
793 1602 880 1661 titulo
902 1603 1059 1680 Mylasena
1081 1604 1161 1664 edito
1183 1608 1263 1682 apud
1283 1607 1446 1670 Lebasium

123 1711 212 1770 vol.3
234 1729 264 1768 n.
280 1707 341 1766 409
364 1712 394 1765 et
416 1705 529 1782 optime
550 1703 701 1780 explicato
724 1703 992 1780 aWaddingtonio
1013 1704 1169 1765 didicimus
1190 1717 1373 1784 praetorem,
1395 1713 1447 1789 qui

123 1811 225 1868 Asiam
246 1810 327 1868 rexit
348 1827 375 1868 a.
390 1827 420 1866 u.
436 1826 462 1866 c.
477 1805 552 1877 678,
581 1805 693 1863 dictum
715 1821 783 1863 essa
804 1804 845 1863 M.
866 1804 986 1864 Iunium
1007 1804 1047 1864 D.
1069 1806 1091 1864 f.
1113 1805 1263 1882 Silanum,
1290 1811 1447 1888 probabile

123 1920 223 1971 estex
244 1931 282 1971 eo
307 1918 409 1969 natum
432 1925 499 1968 esse
520 1907 598 1965 hunc
620 1907 656 1964 de
679 1925 739 1982 quo
761 1905 877 1982 agimus
899 1905 940 1964 M.
959 1905 1079 1966 Iunium
1093 1909 1135 1967 M.
1157 1908 1178 1968 f.
1192 1909 1231 1968 D.
1254 1929 1284 1970 n.
1300 1908 1461 2002 Silanum
1573 1907 1575 1916 '

124 2012 290 2074 Secundum
312 2017 439 2071 aetatem
460 2015 558 2086 potest
579 2024 647 2066 esse
668 2007 708 2064 M.
732 2003 854 2065 Silanus
876 2007 903 2064 is
925 2007 976 2082 qui
998 2007 1114 2084 legatus
1138 2007 1277 2071 Caesaris
1297 2012 1329 2070 in
1345 2011 1448 2072 Gallia

122 2115 175 2173 fuit
195 2133 223 2173 a.
238 2113 302 2195 700
324 2111 427 2186 (Caes.
449 2109 518 2170 bell.
535 2106 616 2169 Gall.
639 2107 822 2184 6,1),=item
843 2114 928 2182 pater
949 2109 1081 2168 consulis
1102 2128 1129 2169 a.
1146 2111 1206 2170 729
1228 2113 1269 2171 M.
1293 2111 1398 2190 Silani,
1421 2117 1448 2174 si

122 2216 237 2292 quidem
260 2233 332 2274 vere
353 2214 379 2272 is
401 2211 517 2290 patr‘cm
536 2209 640 2268 habuit
660 2207 795 2266 Marcum
816 2205 858 2282 (v.
882 2225 974 2286 supra
993 2229 1023 2287 p.
1040 2211 1090 2271 60.
1106 2211 1169 2288 65).
1233 2254 1241 2268 .

199 2316 249 2375 De
263 2316 447 2375 Manliorum
461 2311 684 2388 Torquatorum
704 2308 826 2367 interitu
848 2309 911 2367 dixi
931 2309 974 2386 (p.
992 2310 1045 2386 66)
1068 2311 1178 2372 oblitus
1196 2315 1235 2373 A.
1251 2315 1355 2374 Manlii
1370 2317 1448 2377 Tor·

122 2419 199 2496 quati
227 2420 314 2490 eius,
341 2417 395 2492 qui
421 2416 453 2474 iu
480 2412 575 2472 turbis
603 2431 630 2470 a.
647 2409 707 2470 696
736 2407 873 2469 Ciceroni
900 2410 986 2470 affuit
1014 2409 1093 2487 (Cic.
1122 2413 1159 2472 de
1184 2415 1234 2474 fin.
1257 2415 1291 2490 2,
1312 2415 1367 2491 22,
1383 2417 1448 2494 72),

122 2519 224 2578 deinde
245 2519 403 2596 quaesitor
424 2517 461 2575 de
476 2513 592 2572 ambitu
613 2531 640 2570 a.
653 2509 713 2569 702
736 2511 879 2570 Milonem
894 2513 1103 2574 condemnavit
1123 2514 1248 2590 (Asson.
1271 2537 1300 2594 p.
1316 2517 1366 2576 40.
1384 2520 1449 2595 54),

121 2630 224 2698 postea
244 2640 273 2679 a.
292 2620 352 2678 705
374 2636 442 2677 cum
463 2612 656 2693 Pompeianis
677 2611 798 2670 Italiam
818 2612 941 2688 reliquit
962 2611 1039 2689 (cio.
1062 2615 1101 2674 ad
1114 2616 1179 2675 Att.
1201 2619 1229 2691 9,
1246 2617 1275 2689 8,
1293 2617 1336 2694 1),
1357 2618 1450 2678 Pom·

121 2723 186 2799 poio
207 2740 302 2782 caeso
323 2717 506 2796 aliquamdiu
520 2713 650 2774 Athenis
672 2713 807 2772 exulavit
828 2712 907 2788 (Cic.
930 2716 969 2773 ad
985 2715 1056 2776 fam.
1080 2716 1229 2795 6,1-4),
1250 2737 1322 2778 mox
1344 2739 1371 2778 a.
1388 2720 1448 2779 709
1568 2757 1573 2763 -

120 2825 244 2884 reditum
272 2824 306 2882 in
326 2821 445 2880 Italiam
471 2816 643 2894 impetravit
669 2813 747 2902 (Cio.
775 2814 813 2873 ad
834 2815 898 2873 Ata
924 2817 977 2890 13,
993 2816 1041 2893 9),
1067 2819 1194 2895 denique
1214 2827 1283 2897 post
1303 2821 1450 2897 proelium

122 2926 318 3003 Philippense
340 2943 366 2982 a.
383 2920 460 2994 712,
488 2919 536 2980 cui
559 2919 630 2978 item
652 2915 824 2976 interfuisse
847 2917 972 2989 videtur,
999 2915 1224 2980 Samothraciae
1246 2923 1339 2981 Attici
1361 2923 1450 2982 amici

122 3029 211 3105 copiis
234 3029 424 3086 sustentatus
446 3030 492 3081 est
513 3018 632 3096 (Nepos
647 3017 711 3075 Att.
730 3018 766 3074 11
782 3017 820 3075 ci.
839 3018 901 3094 15).
944 3019 1039 3078 Plura
1060 3023 1097 3081 de
1119 3040 1155 3080 eo
1176 3023 1256 3099 quod
1278 3023 1371 3082 sciam
1389 3041 1450 3082 non

122 3129 288 3200 traduntur,
311 3145 366 3185 nec
386 3110 499 3184 certum
520 3129 567 3180 est
587 3139 654 3179 eum
675 3117 815 3176 ultimum
836 3121 934 3197 gentis
955 3139 1027 3181 suae
1049 3123 1176 3196 obiisse3
1199 3124 1253 3183 sed
1273 3125 1330 3183 hoc
1350 3132 1450 3200 poste·

122 3231 226 3288 riorem
248 3229 398 3289 Manlium
420 3225 607 3301 Torquatum
630 3219 727 3278 adhuc
748 3239 809 3278 non
830 3220 939 3280 inveni.
1493 3220 1495 3224 ’

197 3478 221 3540 ¹)
249 3478 360 3542 Legitur
377 3476 405 3526 in
424 3473 543 3538 exemplu
561 3490 585 3523 v.
600 3470 617 3520 4
636 3480 766 3525 ΙΟΥΛΙΟΝ
788 3481 875 3518 errore
894 3470 1047 3534 typographi
1065 3471 1120 3520 sine
1140 3470 1227 3533 dubio,
1248 3485 1305 3520 cum
1323 3471 1350 3520 in
1368 3467 1450 3521 trans·

122 3570 258 3635 scriptione
278 3569 313 3620 eit
330 3555 440 3629 Ἴων’νιον,
460 3565 515 3615 ub
534 3571 669 3616 ΥΙΟΝΟΝ.

566 5255 667 5304 Formis
687 5251 850 5305 Academicis
870 5249 912 5312 (G.
926 5247 1025 5312 Vogt).
