3620 6080
340 569 414 642 256
886 577 1114 633 rnu1o1suvs.

339 753 397 818 cini
419 759 470 828 τῆς
489 746 596 816 Ἰωνίας
617 743 726 814 τούτοις
746 754 804 813 τοῖς
824 742 922 812 τύποις
943 740 1117 834 ἐχρήσαντο.
1157 736 1348 814 ’Attentiores‘
1370 734 1401 802 δὲ
1422 741 1436 803 ὃ
1457 737 1618 814 Μεσσήνιος
1638 744 1665 803 ἐν

339 861 382 936 τῷ
394 849 454 943 erupi
470 847 600 941 ἀρχαίων
615 843 790 938 «γραμμάτων
805 844 881 929 φησί
898 873 974 911 τινας
987 841 1080 926 λέγειν
1102 839 1143 906 i'rr
1157 837 1342 931 Πυθαγόρας
1363 843 1456 905 αὐτῶν
1474 847 1527 904 τοῦ
1539 835 1665 908 κάλλους

339 949 520 1029 ἐπεμελήθη,
544 954 575 1014 c'u
596 957 646 1026 τῆς
670 948 746 1012 κατὰ
767 943 939 1035 γεωμετρίαν
964 951 1097 1032 γραμμῆς
1120 940 1268 1030 §officio-ec
1289 940 1366 1006 αὐτοὶ
1387 938 1502 1023 γωνίαις
1522 937 1572 1004 ucri
1592 969 1667 1030 περι·

339 1051 464 1144 φιρεῖαις
484 1047 532 1116 καὶ
553 1047 690 1117 εὐθείαις.
732 1053 843 1112 Extint
863 1059 962 1112 autem
988 1051 1078 1110 etiam
1103 1049 1181 1109 inter
1200 1048 1296 1108 Italos
1317 1048 1400 1107 illius
1421 1047 1528 1107 aetatis
1550 1061 1628 1124 quae
1648 1068 1667 1107 a

339 1158 566 1221 renascentibus
592 1157 702 1216 litteris
730 1173 838 1214 nomeu
862 1153 963 1224 duxit,
990 1152 1043 1228 qui
1069 1157 1140 1209 ante
1160 1148 1275 1208 Lucam
1296 1148 1474 1208 Paciuolum
1498 1148 1666 1207 litterarum

339 1263 452 1339 figuras
479 1260 517 1318 ad
543 1256 714 1334 exemplum
741 1255 930 1331 antiquorum
957 1251 1113 1310 titulorum
1135 1249 1294 1308 emendare
1318 1255 1348 1308 et
1369 1249 1408 1306 ad
1428 1257 1525 1308 certae
1546 1249 1666 1326 regulas

339 1379 481 1422 revocare
502 1357 643 1429 studeret,
665 1356 780 1416 scilicet
800 1354 891 1412 Felix
912 1351 1085 1412 Felicianus
1107 1350 1306 1421 Veronensis3
1331 1349 1369 1408 de
1389 1349 1476 1408 cuius
1498 1349 1605 1408 studiis
1627 1349 1666 1408 ad

338 1463 549 1538 inscriptiones
571 1458 711 1533 antiques
725 1455 878 1516 conversis
900 1453 1057 1529 superiore
1077 1451 1198 1511 saeculo
1211 1450 1351 1510 Muffeius
1367 1449 1501 1526 (Verona
1514 1449 1668 1512 Illustrota

339 1562 374 1622 11
394 1581 423 1640 p.
440 1561 479 1622 98
501 1579 547 1638 sq.
568 1559 614 1618 ed.
640 1555 733 1631 1781)
756 1565 787 1614 et
800 1553 1017 1614 Tiraboschins
1033 1551 1152 1628 (Stcrie
1167 1552 1245 1610 della
1260 1552 1315 1610 lete.
1330 1550 1399 1610 Ital.
1414 1550 1460 1609 VI
1475 1552 1489 1608 1
1506 1570 1536 1627 p.
1555 1551 1611 1610 181
1622 1569 1667 1628 sq.

339 1663 386 1724 ed.
413 1661 517 1738 Rom.)
550 1659 703 1728 dixerunt,
735 1674 830 1732 nuper
861 1654 1023 1714 Henzenus
1048 1651 1238 1727 (Mocctsbcr.
1271 1652 1323 1710 der
1348 1651 1428 1710 Berl.
1454 1650 1554 1710 Alcad.
1585 1650 1665 1711 1868

338 1783 369 1842 p.
397 1761 470 1838 382)
496 1767 526 1821 et
550 1760 756 1820 Mommseuus
787 1757 819 1814 in
849 1754 1086 1832 praefationibus
1117 1752 1316 1828 complurium
1349 1752 1480 1828 capitum
1509 1753 1668 1814 voluminis

339 1865 435 1942 quinti
449 1861 594 1940 Corporis
611 1857 837 1938 inscriptionum
850 1856 1010 1915 latinarum
1030 1861 1245 1931 exposuerunt.
1277 1849 1371 1912 Cuius
1385 1851 1534 1914 Felieiaui
1547 1853 1668 1913 libellus

465 2129 494 2186 Α
905 2037 1106 2115 [Feliciones]

424 2280 518 2344 Suole
539 2281 664 2339 lusauza
683 2278 807 2353 antiqua
832 2295 940 2336 cauare
964 2275 996 2332 la
1016 2274 1117 2334 littera
1136 2273 1168 2331 di
1188 2273 1281 2332 tonde
1302 2291 1319 2332 e
1340 2272 1472 2350 quadro,
1499 2274 1530 2333 la
1551 2292 1671 2335 summa

339 2385 378 2444 de
403 2383 432 2442 ie
456 2382 529 2459 qual
555 2379 651 2438 forme
672 2377 800 2438 ascende
821 2377 851 2435 al
869 2377 995 2435 numero
1008 2374 1080 2447 LII,
1101 2373 1150 2434 del
1171 2374 1242 2450 quai
1267 2375 1295 2434 ei
1314 2392 1390 2433 caua
1410 2375 1433 2432 il
1453 2393 1576 2434 numero
1598 2395 1669 2452 per·

339 2484 452 2560 iecto¹)
479 2482 534 2542 che
559 2499 576 2539 c
598 2479 660 2539 .X.
682 2497 699 2538 c
721 2479 802 2538 cossi
823 2477 874 2537 uol
894 2493 980 2536 esser
1000 2476 1032 2534 la
1051 2484 1104 2534 tua
1123 2475 1226 2533 littera
1246 2492 1355 2554 grossa
1379 2475 1411 2534 la
1429 2475 1481 2534 X0.
1502 2485 1589 2553 parte
1617 2478 1671 2538 de·

338 2586 449 2644 laiteua
475 2591 507 2641 et
531 2600 585 2658 per
610 2585 718 2656 questo
743 2577 834 2637 modo
855 2577 965 2635 hauere
991 2583 1075 2635 tanto
1100 2575 1150 2633 del
1171 2569 1263 2634 tonde
1289 2583 1401 2652 quanto
1426 2575 1476 2634 del
1500 2577 1617 2652 quadro
1639 2563 1672 2638 et

339 2685 419 2745 uolsi
450 2700 573 2742 canem
603 2681 636 2739 la
664 2679 869 2759 soprascripta
895 2677 997 2735 littera
1022 2676 1105 2736 douc*
1124 2676 1150 2735 si
1176 2676 1309 2753 tagliano
1335 2677 1364 2734 le
1391 2676 1464 2735 linie
1490 2689 1570 2741 .÷.
1600 2679 1671 2739 cola

339 2782 580 2855 circoniereutie3
608 2787 639 2839 et
664 2787 770 2855 questo
792 2798 809 2837 e
832 2786 944 2854 quanto
966 2794 1020 2853 per
1041 2778 1155 2836 misura
1174 2776 1205 2834 io
1226 2775 1327 2835 Felice
1348 2776 1528 2854 Felic[iano]
1550 2779 1672 2857 h[sbi]e

339 2886 420 2945 nelle
446 2883 567 2957 antique
591 2888 743 2939 caractere
767 2879 912 2938 ritroueto
938 2896 993 2955 per
1018 2878 1109 2937 molto
1129 2877 1224 2956 pictre
1245 2893 1410 2937 marmoree
1431 2878 1512 2938 cossi
1536 2879 1672 2941 neialma

339 2985 438 3045 Roma
457 2988 570 3060 quanto
591 2979 672 3058 negli
692 2978 761 3037 altri
783 2977 890 3055 [sitiiJ.

463 3154 487 3212 B

421 3307 468 3367 La
487 3307 589 3366 littera
609 3323 700 3381 sopra
720 3305 833 3381 scripta
854 3303 934 3374 uolo,
956 3320 1040 3362 come
1061 3321 1078 3362 c
1099 3301 1189 3373 dicto,
1211 3319 1296 3362 esser
1315 3320 1424 3382 grossa
1443 3304 1475 3362 la
1494 3305 1550 3364 X⁸.
1569 3318 1671 3384 parte,

339 3419 370 3470 et
390 3427 431 3468 ua
443 3409 495 3486 piu
516 3406 617 3482 amplo
639 3405 668 3464 el
686 3423 779 3482 corpo
800 3403 940 3462 inferiore
958 3421 1018 3461 uno
1033 3403 1147 3461 decimo
1168 3403 1224 3462 che
1242 3403 1343 3480 quello
1365 3406 1533 3483 superiorc3
1555 3427 1573 3466 e
1594 3418 1673 3469 nota

337 3509 493 3586 ingrossar
517 3508 549 3565 la
573 3505 654 3565 dicta
678 3505 780 3564 littera
806 3505 910 3564 denno
935 3522 953 3564 e
979 3503 1010 3562 (ii
1035 3503 1124 3563 suoru
1148 3522 1203 3579 per
1228 3503 1352 3577 mitade,
1380 3525 1398 3566 e
1422 3513 1528 3583 questo
1550 3519 1670 3585 quanto

338 3609 452 3686 aspecti
473 3626 493 3666 e
514 3606 581 3667 suoi
601 3606 685 3682 corpi
706 3605 798 3665 tondi.

464 3775 493 3835 C

422 3930 518 4009 Seppi
537 3930 568 3990 lc
581 3936 720 4008 presente
739 3929 841 3990 littera
860 3949 922 3990 non
935 3915 1042 4006 passer
1062 3931 1094 3990 di
1107 3947 1250 4010 grosseze
1262 3930 1378 3990 lordine
1399 3931 1437 3991 de
1449 3931 1537 3992 laltre
1551 3934 1667 4009 littere,

337 4035 403 4094 cioe
423 4051 483 4092 uno
505 4030 634 4104 decimo,
661 4039 693 4090 et
716 4030 855 4110 ingressa
879 4031 985 4090 dentre
1007 4049 1024 4090 e
1044 4032 1077 4090 di
1096 4031 1182 4090 fuere
1200 4031 1232 4091 la
1252 4048 1308 4091 sua
1328 4032 1558 4093 circonscrentia
1577 4054 1669 4096 come

341 4144 375 4194 tu
395 4132 477 4206 uedi,
505 4151 543 4191 ne
564 4131 615 4189 uol
634 4146 742 4208 passer
767 4130 796 4190 le
822 4149 875 4192 sue
895 4138 972 4191 teste
993 4131 1072 4191 done
1097 4130 1124 4190 ei
1145 4150 1215 4192 crea
1233 4131 1266 4191 la
1285 4131 1361 4190 linia
1379 4131 1435 4192 che
1455 4134 1483 4193 si
1503 4134 1599 4212 taglia
1618 4137 1669 4197 col

336 4232 429 4294 tonde
451 4239 481 4292 et
501 4230 627 4309 quadro,
649 4231 735 4292 saluo
756 4230 812 4292 che
832 4231 933 4308 quelle
954 4231 985 4292 di
1006 4238 1087 4292 sotto
1107 4247 1201 4310 passu
1219 4232 1274 4310 piu
1293 4231 1380 4304 oltre,
1400 4249 1486 4293 come
1505 4242 1540 4294 tu
1560 4235 1641 4296 uedi.

413 4495 438 4558 ¹)
462 4494 506 4546 De
527 4507 634 4546 numero
657 4493 772 4559 perfecto
799 4493 863 4546 haec
886 4494 1019 4546 Vitruvius
1036 4493 1081 4545 111
1100 4495 1126 4558 1,
1145 4494 1176 4546 5:
1196 4508 1242 4546 nec
1261 4495 1343 4546 minuc
1359 4509 1529 4546 memsam
1546 4498 1663 4550 rationes

336 4600 400 4654 quac
417 4587 445 4636 io
463 4583 574 4636 omnibu
591 4581 709 4653 operibus
724 4581 842 4634 videnter
858 4585 1016 4636 necescuriue
1033 4598 1094 4646 cere,
1118 4599 1150 4636 ec
1173 4585 1290 4653 coeperis
1306 4583 1420 4637 miris
1436 4585 1598 4654 collcqemnt,
1623 4591 1664 4639 reti

337 4673 443 4740 diqitum
454 4675 567 4742 palmum
579 4674 669 4743 pedem
687 4672 806 4736 cebium,
830 4673 1116 4728 academicorum
1138 4676 1167 4726 in
1179 4676 1318 4744 perfeetum
1334 4691 1459 4728 cucurum
1476 4691 1547 4744 pusca
1566 4675 1663 4732 Graeci

336 4758 434 4812 τίλειον
452 4762 550 4816 decue
567 4765 707 4834 perfectum
724 4772 805 4819 autem
823 4766 923 4834 eripui
938 4766 1099 4820 emnem
1115 4781 1239 4820 merum
1257 4767 1302 4837 qui
1318 4765 1400 4822 docem
1417 4765 1521 4822 dicim.
