3620 6080
344 617 419 689 248
867 621 1147 678 humanatione

343 719 1675 748 ...---—---—-—-———-—----·—-——

344 791 487 885 gistratus
507 803 663 862 Romanus
689 801 746 859 fuit
767 799 819 876 qni
841 798 964 875 proprio
986 815 1021 854 ac
1042 795 1176 872 legitimo
1197 794 1317 852 nomine
1339 794 1481 852 iuridictts
1501 799 1674 850 vocaretur.

345 906 446 981 Quare
472 921 560 963 nemo
581 901 713 977 intellegi
735 907 850 976 potest,
877 897 936 957 nisi
958 906 1011 956 aut
1031 895 1194 974 proconsul
1215 895 1362 965 Achaiae,
1389 901 1442 951 aut
1465 893 1586 970 legatus
1608 909 1675 950 cor·

343 1015 451 1067 rector.
486 1003 558 1063 Non
579 1022 650 1062 vero
677 1001 774 1072 illum,
796 999 849 1058 sed
870 1000 949 1056 hunc
969 998 1066 1056 luisse
1086 1015 1153 1055 oum
1167 993 1327 1071 Borghesii
1347 994 1443 1070 ipsine
1465 1001 1675 1070 argumentum

344 1106 501 1184 probabile
526 1103 638 1175 reddit,
665 1101 746 1178 quod
771 1099 851 1158 illius
877 1097 1044 1157 iurisdictio
1065 1097 1105 1156 ad
1126 1093 1266 1174 Spartam
1290 1095 1438 1154 civitatem
1460 1095 1588 1154 liberam
1614 1110 1675 1151 non

345 1205 535 1286 pertinuerit,
566 1210 629 1262 tum
663 1202 760 1260 omnis
793 1199 940 1259 dubitatio
973 1199 1135 1274 expellitur
1162 1197 1251 1255 titulo
1277 1196 1387 1269 Attico,
1409 1213 1469 1272 quo
1491 1185 1675 1278 πρεσβευτὴς

345 1300 512 1370 Στβιιττνῖν
539 1293 587 1360 καὶ
613 1291 838 1384 ἀντιστράτηγος
863 1306 997 1358 vocatur.
1040 1297 1120 1357 Nam
1141 1297 1213 1373 quin
1234 1304 1359 1372 uterque
1386 1296 1536 1355 Aemilius
1561 1294 1676 1352 Iuncus

345 1407 424 1468 idem
451 1406 491 1464 sit
515 1404 575 1462 iam
600 1420 687 1460 nemo
713 1399 868 1460 dubitabit.
913 1397 975 1472 Qui
1001 1417 1093 1475 quum
1121 1397 1268 1456 Hadriani
1298 1404 1395 1455 aetate
1420 1396 1525 1466 fuerit,
1551 1395 1613 1454 iam
1641 1394 1675 1452 id

345 1525 466 1586 qnoque
487 1503 633 1582 explicari
653 1509 767 1579 potest,
795 1519 849 1559 cur
870 1499 975 1558 titulus
996 1507 1122 1575 uterque
1148 1499 1180 1556 in
1199 1516 1322 1556 munere
1343 1497 1466 1556 Aemilii
1487 1497 1574 1554 lunci
1596 1494 1675 1553 indi·

345 1607 442 1669 cando
463 1603 634 1663 nominibus
656 1611 717 1661 tam
738 1601 799 1660 late
820 1601 1001 1678 patentibus,
1029 1599 1131 1676 qualia
1151 1605 1222 1657 sunt
1241 1589 1424 1681 πρεσβευτὴς
1444 1587 1605 1661 Σεβαστοῦ
1624 1585 1675 1652 καὶ

345 1696 570 1790 ἀντιστράτηγος
591 1713 621 1761 et
641 1693 816 1770 δικαιοδότης
831 1701 934 1777 (atque
948 1719 986 1759 ne
1001 1699 1103 1758 eodem
1118 1699 1238 1775 quidem
1255 1699 1374 1780 nomine
1388 1697 1527 1774 uterque)
1543 1704 1675 1755 utantur.

347 1806 468 1871 Scilicet
496 1803 651 1880 proprium
683 1809 713 1860 et
738 1801 872 1860 solemne
904 1801 970 1859 eius
1002 1799 1132 1858 muneris
1159 1799 1338 1858 vocabulum
1369 1807 1431 1858 tum
1458 1799 1589 1856 nondum
1615 1797 1676 1854 tuit

345 1908 477 1977 omnino,
506 1903 559 1962 sed
579 1904 647 1978 ipso
669 1921 791 1960 munere
813 1901 908 1959 multo
928 1900 1077 1960 recentius
1099 1906 1155 1958 est.
1200 1897 1302 1973 Quum
1323 1899 1402 1958 enim
1423 1899 1592 1970 Maximus,
1621 1898 1676 1973 qui

346 2009 489 2076 Traiano,
511 2012 541 2063 et
553 2001 745 2062 Pactumeius
761 1999 910 2072 Clemens,
932 2002 985 2076 qni
999 1999 1154 2058 Hadriano
1168 1999 1347 2076 imperatore
1368 2019 1404 2058 eo
1419 2017 1542 2058 munere
1555 1999 1676 2058 feneus

347 2117 409 2181 est,
437 2107 503 2166 solo
531 2105 698 2182 legatorum
727 2101 847 2160 nomine
873 2100 967 2158 multo
994 2100 1086 2157 latius
1114 2108 1234 2175 patente
1261 2100 1474 2176 significentur,
1501 2100 1540 2171 ei,
1565 2100 1678 2175 quibus

347 2209 501 2288 proprium
528 2202 706 2261 vocabulum
737 2209 878 2260 corrector
903 2193 1132 2281 (ἕτοινορθωτὴς)
1161 2201 1347 2277 adiungitur,
1374 2200 1467 2258 multo
1493 2200 1678 2259 recentiores

348 2319 427 2371 sunt.
466 2304 550 2379 Quos
573 2303 651 2362 enim
672 2309 797 2360 noverat
817 2299 963 2359 eiusmodi
984 2299 1122 2357 homines
1136 2298 1330 2375 Borghesius,
1351 2300 1509 2376 Εριιαιίνοο
1522 2300 1679 2359 Proculum

348 2409 399 2486 (0.
426 2408 451 2466 1.
483 2405 578 2475 1341,
605 2401 746 2480 Spartae)
774 2404 804 2460 'et
830 2399 869 2457 L.
896 2399 1055 2475 Epnatium
1086 2397 1228 2458 Victorem
1253 2398 1420 2457 Lollianum
1449 2397 1500 2475 (0.
1528 2400 1553 2458 I.
1584 2399 1679 2474 1624,

347 2506 513 2582 Plataeis),
548 2523 588 2562 ex
613 2502 660 2564 ¹iis
688 2502 775 2560 illum
803 2497 983 2571 Commodo,
1020 2499 1099 2556 huno
1127 2496 1272 2575 Septimio
1299 2498 1410 2560 Severo
1439 2509 1492 2558 aut
1518 2498 1680 2560 Caracalla

348 2613 528 2687 imperatore
555 2622 591 2662 eo
616 2620 739 2660 munere
762 2601 897 2658 functum
923 2600 1070 2677 probavit.
1113 2599 1220 2675 Neque
1245 2599 1422 2676 antiquioris
1444 2601 1587 2676 temporis
1610 2620 1680 2661 esse

348 2710 487 2771 videntur
507 2704 567 2762 duo
589 2703 649 2759 alia
671 2700 809 2776 exempla
830 2695 1038 2782 ἐπανορθωτνῒν
1058 2700 1231 2777 provinciae
1245 2700 1389 2772 Achaiae,
1412 2719 1489 2777 quae
1510 2704 1680 2761 recentiore

349 2821 484 2884 tempore
515 2805 547 2862 in
577 2803 676 2861 lucem
707 2801 896 2877 prodierunt,
933 2799 976 2857 Τι’.
1009 2797 1128 2858 Claudii
1162 2799 1345 2876 Callippiaoi
1367 2801 1468 2860 Italici
1496 2801 1681 2877 (Bullettino

352 2908 433 2970 1862
455 2926 484 2984 p.
502 2903 575 2984 119)
598 2909 628 2960 et
651 2899 705 2962 Co.
730 2900 850 2959 Claudii
870 2898 1037 2975 Leonttet1)
1058 2895 1143 2975 (Ἐφ.
1166 2895 1239 2982 Spq.
1260 2901 1366 2976 3797).
1403 2899 1482 2960 Nam
1504 2921 1597 2978 qaum
1618 2905 1680 2962 iam

351 3006 499 3070 eiusmodi
530 3003 653 3062 nomina
684 3002 716 3059 in
741 3000 912 3058 hominibus
941 2999 980 3058 ad
1007 3017 1139 3059 summos
1166 3000 1296 3059 honores
1328 3002 1438 3061 erectis
1465 3005 1562 3080 magis
1589 3007 1682 3066 tertio

352 3127 441 3187 quam
467 3104 553 3164 alteri
574 3121 603 3178 p.
627 3099 698 3160 chr.
726 3100 847 3159 saeculo
876 3100 1035 3158 convenire
1063 3100 1232 3173 videantur,
1260 3101 1337 3160 aliae
1361 3103 1494 3162 rationes
1520 3105 1682 3165 acceduntr

353 3207 562 3285 Callippianus
583 3202 708 3260 Italicus
730 3202 807 3260 enim
829 3201 860 3258 in
881 3201 969 3259 titulo
992 3201 1099 3258 dicitur
1118 3192 1301 3284 πρεσβευτὴς
1320 3203 1367 3258 roi
1371 3225 1385 3258 ν
1406 3202 1432 3263 Σ
1439 3195 1589 3268 affine-rei
1595 3230 1610 3262 ν
1629 3198 1682 3264 καὶ

352 3298 586 3390 ἇντιττρνὶτηγοι.
630 3299 727 3375 Quem
752 3300 900 3378 pluralem
929 3315 1108 3378 quamquam
1135 3301 1226 3360 etiam
1247 3301 1283 3359 de
1305 3303 1507 3380 compluribus
1531 3305 1684 3384 Augustis

353 3411 406 3489 qui
427 3427 460 3467 se
480 3405 609 3464 invicem
623 3403 797 3479 exceperint
815 3401 954 3477 usurpari
968 3401 1170 3460 demonstravi
1191 3401 1221 3478 (I
1235 3421 1265 3479 p.
1283 3403 1366 3478 110),
1381 3413 1481 3463 tamen
1494 3405 1544 3464 hic
1557 3416 1686 3484 pmpter

352 3513 451 3590 ipsam
473 3504 605 3566 muneris
627 3502 858 3561 extraordinarii
881 3509 1018 3559 naturam
1044 3501 1076 3559 id
1101 3502 1167 3560 reri
1193 3503 1290 3562 simile
1317 3521 1377 3562 non
1404 3514 1463 3577 est;
1492 3524 1554 3564 non
1580 3517 1685 3584 potest

353 3611 446 3690 igitur
465 3613 534 3666 ante
555 3604 596 3662 M.
611 3603 770 3662 Aurelium
791 3612 822 3660 et
841 3601 877 3660 1..
893 3601 1006 3660 Verum
1027 3601 1134 3661 titulus
1157 3603 1340 3680 compositus
1362 3621 1438 3678 esse,
1458 3605 1502 3664 ita
1522 3613 1556 3665 ut
1569 3607 1686 3668 Pactu·

354 3712 433 3771 meio
456 3706 608 3792 Clemente
636 3711 666 3762 et
686 3703 817 3762 Aemilio
838 3703 945 3774 Iunco,
971 3702 1023 3778 qui
1048 3703 1168 3760 nomine
1189 3698 1391 3786 iroevopSeric
1417 3705 1584 3784 (corrector)
1607 3727 1686 3767 non-

355 3812 427 3869 dum
447 3813 580 3878 utuntur,
607 3805 711 3881 utique
732 3804 826 3862 multo
847 3803 994 3861 recentior
1022 3803 1061 3860 sit
1083 3800 1291 3879 Callippianus
1317 3803 1455 3877 Italicus3
1480 3807 1555 3865 mihi
1582 3819 1685 3868 autem

354 3909 420 3970 veri
442 3907 567 3967 similius
590 3914 646 3976 est,
673 3895 849 3969 Σεβαστοὺς
870 3903 918 3962 hic
941 3900 1117 3980 Septimium
1139 3899 1281 3962 Severum
1303 3913 1334 3962 et
1355 3903 1544 3964 caracallam
1566 3909 1686 3968 intelle·

356 4010 471 4088 gendos
494 4025 572 4066 esse.
616 4003 737 4063 Certiae
763 4004 852 4064 etiam
879 4003 1022 4062 iudicium
1049 4003 1086 4061 de
1108 4000 1164 4062 Cn.
1186 4000 1307 4062 claudii
1327 4003 1463 4064 Leontici
1488 4015 1586 4068 aetate
1611 4010 1689 4070 terri
1803 4077 1804 4080 η

355 4117 463 4190 potest.
512 4105 614 4166 Cuius,
634 4104 738 4164 titulus
766 4123 832 4164 cum
859 4105 902 4163 ira
928 4122 961 4163 se
987 4104 1109 4162 habeat:
1135 4097 1184 4160 τδν
1204 4097 1407 4188 λαμπρότατον
1425 4101 1431 4186 Ι
1449 4101 1583 4166 ὕπατοκόν
1604 4101 1654 4167 uni
1680 4113 1686 4190 Ι

355 4201 555 4292 ἔπανορθωτῆν
572 4205 578 4282 1
596 4210 644 4264 Γν.
658 4207 713 4264 Κλ.
727 4198 872 4261 Λεοντικόν
891 4200 896 4284 Ι
915 4204 978 4280 Πο,]
991 4195 1123 4285 Ἑρέννιος
1135 4203 1332 4282 ΠτολΙο]μαῒος
1352 4200 1399 4262 rdv
1419 4202 1543 4286 ἓαυτΙοῡ]
1564 4199 1614 4266 καὶ
1636 4213 1689 4281 τῆς

355 4306 466 4369 πόλεως
484 4307 489 4385 1
513 4295 675 4388 εὐεργέτην,
700 4306 837 4382 quamvis
864 4305 968 4363 titulus
989 4304 1120 4380 Megaris
1141 4303 1304 4364 collocatus
1325 4313 1382 4378 est,
1406 4305 1602 4367 dubitandum
1624 4331 1689 4371 non

356 4419 416 4483 est,
442 4409 516 4484 quin
536 4406 586 4464 hic
606 4405 776 4465 Herennius
797 4404 989 4464 Ptolemaeus
1014 4405 1093 4463 idem
1119 4404 1159 4464 sit
1183 4423 1249 4464 cum
1271 4405 1308 4464 P.
1330 4404 1483 4466 Herennio
1505 4407 1686 4470 Ptolemaeo
1802 4383 1803 4416 .

356 4508 534 4570 Atheniensi
563 4505 685 4564 homine
717 4523 849 4564 summae
884 4507 914 4564 in
944 4525 976 4564 re
1007 4505 1125 4581 publica
1155 4505 1324 4582 dignitatis,
1355 4517 1440 4584 patre
1472 4508 1508 4566 P.
1536 4509 1688 4571 Herennii

355 4607 493 4686 Dexippi
519 4607 673 4683 scriptoris
697 4605 878 4665 nobilissimi
904 4603 954 4680 (O.
975 4605 1001 4664 Ι.
1025 4603 1079 4664 Gr.
1108 4605 1177 4666 380.
1204 4605 1295 4665 Roas.
1319 4606 1406 4666 Dcm.
1435 4607 1499 4684 75).
1543 4608 1635 4684 Quod
1658 4614 1687 4671 si
1801 4679 1802 4688 η

353 4707 399 4765 ita
420 4717 479 4779 est,
505 4709 571 4766 fieri
590 4727 652 4766 uon
677 4713 789 4784 potest,
817 4713 850 4764 ut
870 4705 976 4765 titulus
1001 4706 1089 4764 tertio
1110 4707 1231 4766 saeculo
1252 4707 1403 4784 antiquior
1424 4709 1473 4767 sit.
1515 4709 1687 4789 Hucusque

357 4803 394 4862 de
415 4823 452 4864 eo
474 4807 539 4865 solo
560 4825 691 4882 munere,
717 4807 797 4884 quod
818 4807 849 4864 in
872 4804 1001 4866 Graecia
1022 4807 1117 4885 gessit
1139 4807 1287 4867 Aemilius
1307 4807 1426 4881 Iuncus,
1449 4809 1522 4869 dixi.
1566 4809 1630 4872 Sed
1652 4824 1689 4872 ut

357 5001 560 5015 m

433 5103 458 5168 ³)
490 5106 641 5160 Pittalrisius
669 5111 772 5176 quidem
800 5113 863 5177 legit
891 5113 1225 5176 ΓΝΚΑΛΕΟΝΤΙΚΟΝ,
1252 5111 1298 5164 sed
1323 5113 1351 5162 in
1379 5113 1484 5164 Valseni
1512 5115 1616 5168 schedis
1644 5126 1687 5168 est

356 5206 709 5268 ruuurueounrou.
1799 5205 1800 5220 ¹
