3620 6080
169 1439 254 1550 ou
293 1433 541 1558 riorus
579 1430 822 1550 liuius
860 1434 944 1548 lu
982 1434 1100 1549 sus
1138 1435 1435 1594 soumis

566 1616 1038 1796 SPEOTANTIBVS.
1494 1620 1497 1624 ·

700 1886 903 1898 -ιι--ι

223 2023 252 2082 6.
280 2023 371 2083 Basis
399 2023 507 2100 lapidis
532 2023 678 2082 Pentelici
709 2025 831 2084 inventa
857 2025 889 2083 in
921 2043 989 2084 arco
1022 2025 1255 2101 septentrionem
1286 2044 1394 2087 versus
1424 2029 1463 2087 ab

135 2125 318 2184 Erechtheo.
361 2125 416 2183 Ed.
439 2124 570 2184 Pittskis
590 2122 657 2199 ’Ep
680 2121 752 2208 apg.
778 2126 846 2186 104.
886 2125 1023 2186 Contulit
1047 2125 1190 2186 Koehler.
1232 2125 1268 2184 Ἦ
1294 2123 1329 2208 ἐξ
1357 2122 1463 2212 Ἀρείου

136 2216 236 2302 πάγου
265 2217 371 2300 [βουλὴ
397 2215 445 2283 καὶ
469 2225 474 2302 Ι
497 2223 515 2294 ἦ
536 2217 633 2295 βουλὴ
658 2229 714 2284 τῶν
742 2219 899 2308 ἑξακοσίων
921 2217 980 2302 [καὶ
1003 2226 1008 2303 Ι
1034 2224 1048 2284 o‘
1073 2222 1160 2297 δῆμος
1180 2231 1296 2312 Μᾶρκον
1314 2218 1434 2305 Ἀννιο[ν
1457 2232 1462 2307 1

133 2323 285 2410 Ἀφρεῖνον
306 2317 412 2383 ὕπατον
433 2321 535 2408 ἀρετῆς
557 2316 668 2404 [ἔνεικεν
689 2317 736 2384 uo}
759 2329 809 2398 τῆς
830 2322 899 2409 spos
920 2322 968 2398 τὴν
990 2317 1070 2384 πόλιν
1092 2309 1222 2403 s[13ror'oes.
1257 2329 1361 2388 Lectio
1383 2340 1465 2389 certa

137 2436 201 2499 est3
224 2447 253 2486 v.
277 2429 294 2486 3
317 2427 448 2486 Pittskis
469 2428 591 2486 exhibet
610 2443 758 2499 nu1rr10113
779 2437 867 2504 atque
889 2429 945 2487 hoc
966 2428 1108 2488 Latinum
1129 2431 1247 2507 quidem
1269 2449 1377 2490 nomen
1397 2449 1466 2500 esse

136 2530 294 2594 titulorum
321 2529 501 2588 testimoniis
524 2535 640 2586 constat
662 2528 710 2604 (P.
732 2528 858 2588 Anicius
878 2528 916 2590 ,0.
931 2532 959 2604 f.
982 2529 1008 2602 1,
1032 2528 1121 2588 1251.
1156 2531 1195 2591 L.
1210 2531 1336 2590 Anicius
1351 2533 1464 2592 Pudens

137 2629 179 2703 V,
211 2629 320 2705 1052),
349 2629 403 2688 sed
431 2638 530 2688 tamen
558 2629 731 2688 Kochlerus
759 2630 791 2686 in
817 2630 917 2706 lapide
944 2632 1045 2689 Attico
1072 2633 1199 2691 nuuroll
1228 2633 1374 2708 seriptum
1399 2651 1465 2693 esse

99 2725 107 2742 ⁴
137 2731 296 2807 expressis
318 2731 417 2788 verbis
438 2739 573 2790 testatur.
677 2769 679 2774 -
705 2771 708 2776 -

222 2834 324 2907 Atque
343 2833 395 2890 ille
416 2832 522 2889 consul
543 2832 696 2908 hueusque
716 2849 776 2890 non
798 2831 918 2907 quidem
940 2833 1062 2891 omnino
1083 2835 1205 2912 ignotus
1226 2833 1296 2904 fuit3
1322 2834 1384 2892 imo
1405 2853 1467 2893 non

138 2933 265 2993 dubium
280 2941 336 3006 est,
358 2934 430 3009 quIn
443 2933 522 2990 idem
538 2932 721 3009 significetur
739 2933 770 2990 in
790 2933 877 2991 titulo
891 2927 1078 3009 Pompeiano
1092 2934 1148 3006 IV,
1167 2935 1247 2994 1544
1269 2935 1317 3010 (ro.
1333 2950 1467 2994 vrrsrcrvs

138 3049 260 3093 viroris
292 3033 363 3091 exlr
396 3049 434 3091 ra
466 3048 573 3091 Nouus
606 3049 702 3092 uvius
728 3050 844 3094 ursino
871 3051 906 3093 ετ
932 3051 1087 3094 africano
1114 3034 1198 3110 cos.)
1226 3045 1255 3094 et
1282 3036 1314 3094 in
1345 3054 1466 3095 nummo

139 3135 336 3194 Pessinuntio
363 3135 528 3210 imperante
555 3132 684 3193 Claudio
711 3149 800 3207 cuso,
833 3136 883 3194 cui
907 3135 1084 3211 inscriptum
1113 3145 1159 3194 est
1187 3140 1246 3193 El'll
1277 3140 1466 3194 ΑΦΡΕΙΝΟΥ

141 3237 306 3314 (Borghesi
338 3235 417 3312 Opp.
445 3235 521 3294 VIII
547 3254 577 3310 p.
600 3234 683 3309 150).
738 3233 799 3295 Sed
830 3255 870 3294 ex
894 3237 986 3294 titulo
1012 3237 1115 3294 Attico
1147 3237 1275 3314 primum
1306 3238 1468 3297 innotescit

140 3339 266 3415 plenum
292 3355 417 3407 nomen;
451 3336 556 3394 deinde
587 3336 780 3395 confirmatur
811 3338 902 3395 etiam
928 3337 1009 3412 quod
1035 3336 1226 3415 Borghesius
1245 3338 1319 3396 dicit
1346 3356 1466 3396 nummo

140 3440 194 3498 illo
216 3439 414 3514 comprobari,
436 3437 493 3496 Th.
509 3437 727 3497 Mommsenum
748 3439 780 3496 in
800 3437 888 3496 titulo
909 3437 1094 3514 Pompeiano
1115 3444 1195 3496 recte
1216 3437 1326 3515 legisse
1340 3453 1467 3510 aarum,

142 3561 210 3600 cum
231 3541 392 3599 Avellinus
410 3553 540 3603 AFRssNo
561 3539 698 3615 legisset,
724 3558 802 3616 quae
822 3539 911 3597 lectio
933 3539 1022 3596 etism
1043 3539 1073 3597 iu
1098 3537 1214 3615 Corpus
1235 3539 1467 3615 Inscriptiouum

141 3648 265 3718 recepta
286 3650 340 3701 est.
385 3637 570 3700 Certissimis
592 3647 691 3699 autem
713 3640 861 3717 exemplis
883 3641 960 3698 hane
981 3640 1111 3698 nominis
1132 3640 1258 3698 formem
1281 3642 1469 3717 comprobari

142 3745 196 3803 vix
218 3742 368 3818 estquod
395 3742 499 3800 dicem.
542 3739 622 3800 Nam
650 3751 683 3800 ut
708 3742 740 3800 iu
761 3743 933 3800 universum
953 3740 1078 3818 Africus
1105 3741 1142 3798 ab
1170 3760 1206 3800 eo
1228 3741 1308 3817 quod
1329 3748 1376 3800 est
1395 3741 1470 3818 Aser

143 3845 250 3905 eodem
272 3845 361 3902 modo
384 3843 534 3911 derivatur
555 3859 615 3919 quo
632 3842 783 3902 Macrinus
805 3864 824 3902 a
837 3843 949 3913 Macar,
970 3843 1014 3900 its
1035 3861 1073 3900 ne
1094 3841 1123 3898 id
1145 3842 1265 3917 quidem
1287 3862 1390 3902 verum
1412 3853 1469 3917 est,
1543 3841 1545 3846 ’

144 3947 242 4008 abiis
269 3945 494 4022 cognominibus
520 3963 598 4021 quae
622 3944 742 4020 proprie
766 3945 885 4003 ethnica
912 3945 985 4016 sint,
1011 3961 1072 4006 non
1099 3943 1222 4000 formari
1248 3944 1309 4002 alia
1333 3946 1365 4005 in
1391 3951 1470 4006 -iaus

145 4047 294 4107 exeuntia.
339 4044 434 4105 Cuius
460 4045 584 4103 reliam
606 4045 665 4103 Th.
687 4045 892 4104 Mommsenus
914 4038 944 4117 Ι,
971 4063 1000 4120 p.
1024 4044 1081 4102 178
1109 4062 1176 4102 eum
1202 4055 1307 4102 eontra
1326 4046 1469 4107 Rossium
1539 4119 1541 4123 ι

145 4149 322 4226 disputaret,
349 4146 518 4222 exemplum
546 4147 646 4230 attulit
670 4145 846 4218 Graecinum
873 4147 1004 4205 alterum
1021 4146 1135 4204 accedit
1156 4145 1294 4204 Tasciaas
1315 4145 1355 4218 II,
1381 4149 1470 4222 1468,
1502 4161 1513 4183 ·

146 4268 165 4308 a
190 4251 309 4321 Ihscus,
331 4249 413 4325 quod
433 4247 583 4306 ethnicum
604 4248 775 4323 frequenter
795 4248 980 4324 cognominis
1002 4247 1071 4305 loco
1092 4253 1264 4323 usurpatur.

230 4349 332 4424 Quum
345 4351 438 4426 igitur
451 4351 483 4408 in
496 4349 616 4407 nomine
626 4348 671 4406 M.
681 4349 771 4407 Aonii
777 4346 878 4426 Africi
892 4348 1023 4407 consulis
1034 4348 1108 4406 nihil
1119 4348 1200 4406 dubii
1211 4347 1406 4423 relinquetur,
1418 4349 1473 4408 du·

145 4454 229 4513 bium
243 4454 414 4512 etiamnunc
427 4443 561 4509 remanet
573 4457 699 4527 tempus.
733 4443 799 4509 (lui¹
812 4450 979 4508 definiendo
995 4448 1181 4526 Borghesius
1196 4447 1317 4526 quidem
1330 4449 1473 4510 idoneum

146 4555 271 4632 putabat
291 4554 415 4612 alterius
438 4552 570 4611 consulis
590 4550 727 4628 Africani
746 4569 865 4624 nomen,
887 4553 1102 4627 comprobare
1124 4549 1256 4609 studeret
1278 4548 1372 4628 (Opp.
1395 4551 1474 4610 VIII

146 4674 178 4732 p.
193 4655 301 4732 4sqq.)
323 4662 354 4714 et
373 4657 452 4713 hune
473 4655 566 4712 alium
588 4671 656 4714 esse
677 4673 739 4711 non
759 4669 853 4728 posse
874 4671 910 4711 ae
935 4652 967 4710 Τ.
988 4653 1115 4711 Sextiam
1129 4648 1301 4728 Africanum
1320 4652 1473 4711 consulem

56 4807 61 4812 .
149 4758 306 4816 suffectum
323 4755 445 4816 Nerone
466 4756 657 4836 imperatore,
678 4763 708 4812 et
728 4755 818 4812 huius
840 4743 1232 4812 consulatum'inciderein
1253 4771 1364 4810 annum
1381 4753 1420 4812 59
1442 4775 1471 4832 p.

150 4857 222 4918 Chr.
265 4859 315 4917 Ex
342 4858 450 4934 quibus
480 4859 539 4916 hoe
567 4857 772 4915 confirmatum
804 4865 850 4913 est
881 4856 985 4914 tabula
1016 4854 1135 4929 collegii
1166 4853 1291 4912 fratrum
1305 4855 1473 4914 ,Arvalium

149 4969 258 5038 postea
282 4968 402 5037 reperta
424 4959 576 5035 (Hermen,
605 4957 693 5019 Scavi
719 4957 769 5014 nel
795 4957 888 5014 bosco
916 4955 964 5014 dei
990 4955 1102 5013 fratelli
1122 4953 1231 5013 Arvsli
1250 4972 1280 5030 p.
1306 4954 1374 5031 17),
1388 4956 1474 5042 ⁴illud

151 5069 250 5120 autem
274 5063 387 5122 ‚eodem
418 5068 612 5120 monumento
638 5058 812 5129 refutatum,
844 5075 912 5114 eum
942 5055 984 5114 ibi
1012 5056 1049 5114 T.
1077 5054 1174 5115 Sextii
1198 5054 1334 5114 Africani
1359 5056 1474 5134 collega

152 5172 344 5223 recenseatur
367 5181 428 5222 non
453 5163 495 5222 M.
517 5163 639 5220 Annius
666 5161 806 5231 hiriane,
834 5157 887 5216 sed
908 5157 952 5215 M.
979 5156 1113 5216 Ostorius
1135 5156 1275 5232 Scapula.
1317 5157 1424 5234 Itaque
1445 5166 1475 5216 et

155 5282 232 5340 quae
256 5257 366 5326 fuerint
392 5274 491 5326 cetera
516 5265 598 5324 illius
625 5261 760 5322 Africani
785 5259 920 5334 nomina,
948 5260 1001 5336 qui
1028 5276 1094 5318 cum
1119 5257 1221 5317 Annio
1242 5257 1351 5318 Afrino
1376 5257 1474 5316 fasces
