3568 6070
519 619 817 676 casuuvamuuss
836 625 953 678 EPIGR.
973 628 1048 678 vm.
1374 614 1443 684 147

125 825 179 882 que
197 827 266 868 vere
286 810 365 869 filius
387 831 426 870 ex
446 811 499 870 illo
520 811 708 870 matrimonio
730 821 818 872 natus
839 813 900 872 dici
917 815 966 874 On.
981 815 1111 892 Pompeii
1124 828 1151 878 et
1163 816 1201 876 L.
1219 818 1319 878 Crassi
1333 821 1444 880 suboles

125 908 206 982 (Tac.
228 909 299 969 hist.
318 913 423 988 1,15).

200 1011 265 1086 Iam
287 1012 441 1072 videamus
468 1013 504 1071 de
530 1011 601 1071 filiis
630 1021 660 1071 et
685 1013 803 1072 liliabus
830 1033 869 1072 ex
892 1016 932 1073 M.
956 1014 1068 1078 Crasso
1090 1017 1184 1095 Frugi
1208 1022 1331 1081 consule
1359 1041 1385 1080 a.
1403 1021 1441 1080 27

123 1120 148 1167 et
169 1109 326 1172 Scribonia
346 1115 435 1172 natis·

202 1214 227 1268 1.
267 1214 317 1273 on.
340 1215 491 1292 Pompeius
512 1215 680 1294 Muqaus¹)
702 1214 807 1276 Crassi
828 1216 907 1274 filius
929 1217 1057 1276 testibus
1080 1216 1195 1280 Seneca
1216 1229 1246 1280 et
1264 1221 1370 1282 Tacito
1391 1242 1442 1282 no·

121 1312 196 1370 mina
221 1316 316 1372 traxit
336 1335 397 1373 non
419 1334 437 1374 a
458 1322 583 1393 paterna
604 1316 711 1391 stirpe,
741 1316 794 1375 sed
816 1335 835 1374 a
856 1326 1004 1390 materna,
1032 1328 1066 1378 ιιι
1086 1322 1279 1382 reviresceret
1299 1323 1442 1400 quodam-

120 1413 202 1470 modo
229 1415 260 1472 in
288 1435 324 1474 eo
352 1435 411 1474 nou
440 1417 611 1494 adoptionis
638 1417 701 1478 iure
729 1415 842 1494 (neque
869 1421 948 1478 enim
976 1420 1137 1496 quisquam
1164 1423 1221 1482 fuit
1247 1441 1283 1482 eo
1308 1431 1442 1502 tempore
1551 1484 1555 1492 ‚

120 1515 180 1571 eius
202 1517 346 1588 nominis,
369 1536 387 1574 a
409 1537 468 1594 quo
489 1518 692 1596 adoptaretur,
714 1527 744 1577 et
765 1521 913 1578 mansisse
935 1539 1003 1578 eum
1024 1521 1055 1580 in
1077 1521 1167 1582 domo
1188 1523 1306 1584 Licinia
1327 1525 1443 1588 Seneca

119 1615 284 1693 significat),
308 1618 361 1677 sed
381 1619 475 1694 patris
497 1619 631 1678 arbitrio.
675 1617 759 1677 Haec
780 1620 1004 1679 nomenclatura
1024 1629 1166 1698 paternae
1188 1625 1294 1685 domus
1316 1627 1441 1686 nobilis-

118 1717 205 1775 simae
226 1737 263 1775 ne
285 1719 444 1798 vestigium
467 1720 587 1795 quidem
609 1737 732 1779 servans
755 1721 819 1779 iure
840 1721 972 1793 offendit,
995 1724 1124 1782 maxime
1145 1726 1176 1783 in
1198 1743 1233 1783 eo
1255 1728 1329 1799 lilio,
1352 1745 1440 1803 quem

119 1825 183 1875 natu
210 1820 376 1878 maximum
402 1820 496 1880 fuisse
522 1839 593 1880 mox
616 1821 792 1880 videbimus.
836 1821 897 1882 Sed
922 1823 996 1880 talia
1021 1825 1078 1882 hac
1105 1832 1202 1885 aetate
1229 1827 1352 1886 ferenda
1371 1838 1442 1888 sunt

117 1937 205 1994 neque
232 1921 365 1981 fortasse
393 1922 469 1981 adeo
494 1922 630 1982 miranda
656 1923 689 1980 iu
715 1921 836 1982 homine
860 1929 922 1982 tam
948 1924 1049 1996 fatuo,
1080 1934 1114 1984 ut
1140 1927 1183 1984 ait
1208 1925 1379 2004 senemr),
1408 1938 1441 1988 ut

118 2021 199 2078 etiarn
225 2041 353 2099 regnare
378 2033 492 2101 posset.
535 2021 616 2084 Sane
638 2023 783 2084 Claudius
810 2042 944 2100 quoque,
973 2025 1042 2084 huic
1065 2025 1193 2100 Crasso,
1222 2035 1256 2086 ut
1281 2029 1324 2086 ait
1351 2029 1439 2101 idem,

117 2128 171 2178 tam
197 2123 305 2183 similis
332 2143 422 2202 quam
448 2143 505 2184 oro
531 2143 634 2197 ovum,
662 2145 721 2184 non
746 2125 877 2184 absimili
905 2127 1021 2185 ratione
1048 2127 1167 2188 filiabus
1195 2130 1316 2188 nomina
1343 2131 1439 2206 impo-

116 2224 170 2280 suit
188 2225 342 2285 Antoniae
366 2233 397 2284 et
418 2226 573 2286 Octaviae.
595 2259 634 2270 -
663 2227 792 2304 Magnus
819 2228 1006 2304 periclitatus
1033 2229 1071 2286 ob
1097 2229 1127 2287 id
1153 2230 1251 2307 ipsum
1273 2249 1439 2308 cognomen

117 2326 166 2382 sub
187 2324 264 2385 Gaio
288 2325 323 2402 (†
338 2328 394 2404 41)
420 2337 542 2405 propter
566 2335 700 2387 teneram
722 2335 850 2386 aetatem
871 2329 914 2386 ita
935 2329 1044 2400 evasit,
1072 2339 1106 2387 ut
1126 2331 1303 2407 cognomine
1323 2333 1439 2392 trintum

117 2425 140 2482 ei
165 2427 439 2506 interdiceretur³).
483 2427 629 2490 Claudius
657 2429 764 2488 deinde
793 2439 823 2486 et
850 2428 881 2487 id
908 2429 937 2487 ei
963 2428 1092 2488 reddidit
1120 2439 1149 2490 et
1175 2432 1267 2490 filiam
1296 2434 1438 2492 maiorem

116 2528 282 2588 Antoniam·
295 2531 323 2589 ei
349 2551 376 2590 a.
392 2532 430 2590 41
454 2531 485 2590 iu
506 2531 728 2590 matrimonium
750 2530 840 2601 dedit,
863 2537 970 2607 postea
990 2550 1062 2590 vero
1084 2551 1151 2590 eum
1173 2532 1330 2591 interfecit.
1374 2532 1438 2592 Na·

116 2636 159 2686 tus
178 2629 270 2706 igitur
293 2633 334 2692 sit
354 2650 477 2692 neeesse
499 2640 544 2692 est
565 2639 634 2692 ante
656 2651 683 2691 a.
700 2630 754 2704 273
776 2650 846 2690 nam
867 2632 965 2690 minor
979 2631 1075 2691 XIIII
1089 2631 1176 2692 aunis
1191 2651 1315 2693 uxorem
1331 2633 1437 2694 ducere

117 2748 170 2788 non
189 2733 297 2808 potuit

192 2832 219 2890 2.
264 2833 309 2892 M.
325 2833 459 2894 Licinius
478 2833 603 2895 Crassus
624 2833 758 2911 mayr)
780 2841 868 2893 natus
891 2851 960 2893 esse
982 2834 1099 2894 videtur
1121 2854 1146 2894 c.
1162 2853 1189 2893 a.
1207 2837 1256 2910 31,
1277 2855 1345 2895 cum
1367 2854 1436 2896 con·

117 2935 158 2992 sul
178 2937 273 2996 fuctus
297 2936 336 2994 sit
358 2955 384 2994 a.
400 2956 429 3013 p.
446 2934 515 2996 Chr.
534 2935 582 2994 64.
627 2934 728 3009 Quare
749 2954 816 2994 eum
838 2943 962 3013 propter
982 2937 1119 3008 uomina,
1142 2955 1221 3012 quaa
1240 2936 1345 2996 eadem
1367 2945 1438 2996 sunt

117 3044 197 3112 atque
221 3038 334 3115 patris,
361 3037 492 3096 filiorum
517 3045 590 3095 natu
617 3038 766 3096 maximus
788 3038 883 3096 fuisse
905 3037 999 3095 videri
1020 3036 1132 3114 possit,
1159 3037 1329 3098 coniectura
1349 3057 1385 3097 ea
1405 3039 1438 3098 in

116 3137 164 3194 hoc
186 3139 274 3198 fallit.
323 3139 418 3198 Periit
442 3139 608 3215 imperante
634 3137 754 3198 Nerone
777 3135 811 3212 (i
827 3137 881 3214 68)
909 3146 1067 3198 accusante
1092 3137 1133 3196 M.
1161 3139 1296 3214 Aquillio
1317 3139 1437 3218 Regulo

116 3237 194 3312 (Tac.
215 3242 288 3300 hist.
307 3239 397 3312 1,48.
421 3241 455 3313 4,
470 3239 525 3312 423
547 3240 626 3298 Plin.
648 3259 695 3317 ep.
713 3241 740 3311 1,
756 3240 790 3313 5,
806 3239 849 3315 3).
892 3237 1028 3298 Uxorem
1049 3238 1134 3297 duxit
1156 3235 1322 3315 Sulpiciam
1343 3240 1436 3300 Prae·

117 3350 250 3402 tentatam
274 3351 306 3401 et
326 3349 469 3417 quattuor
489 3361 529 3400 ex
550 3361 587 3400 ea
607 3341 719 3402 liberos
741 3341 862 3399 sustulit
882 3340 969 3415 (Tac.
991 3341 1061 3399 hist.
1078 3341 1108 3411 4,
1123 3338 1188 3416 42).
1516 3357 1520 3364 ’

190 3444 216 3502 3.
268 3441 395 3502 Crustas
423 3443 670 3518 Scribonianum)
703 3441 839 3518 (reliqua
869 3441 990 3499 nomina
1020 3458 1081 3498 non
1109 3441 1278 3517 accepimus
1307 3440 1434 3518 tradita)

115 3543 196 3602 fratre
217 3546 332 3604 Pisone
353 3553 425 3602 natu
446 3545 541 3603 maior
561 3551 633 3621 post
653 3562 720 3604 eum
741 3543 914 3602 interfectus
937 3547 983 3600 est
1004 3540 1143 3616 (Tacitus
1159 3541 1228 3600 hist.
1246 3543 1272 3613 1,
1287 3539 1352 3616 48),
1374 3559 1434 3616 quo

115 3653 237 3724 tempore
264 3654 296 3706 et
320 3664 410 3722 quam
437 3647 475 3704 ob
498 3663 634 3717 causam,
660 3646 823 3722 ignoratur.
867 3642 1041 3720 cognomen
1068 3641 1194 3700 alterum
1209 3654 1293 3700 'cave
1319 3642 1433 3700 referas

114 3746 183 3806 iuter
206 3769 259 3822 ea,
288 3767 365 3825 quae
392 3755 462 3823 post
489 3747 681 3824 adoptionem
709 3747 820 3805 factam
846 3745 986 3820 antiquae
1011 3741 1143 3802 familiae
1172 3742 1345 3801 memorium
1371 3760 1433 3801 ser-

115 3887 310 3902 —fl——-=

183 3985 206 4048 ¹)
236 3983 281 4036 On.
301 3985 435 4054 Pompeius
453 3984 579 4053 Mopsus.-
605 3986 676 4038 Suet.
696 3985 756 4038 Gai.
776 3986 819 4036 35.
846 3983 937 4036 Claud.
952 3985 1000 4046 273
1025 3982 1078 4033 Dio
1097 3983 1141 4045 60,
1156 3983 1181 4033 6.
1223 3981 1267 4033 On.
1286 3980 1428 4049 Pompeius:
1481 3981 1483 3986 '

115 4074 180 4127 Suet,
197 4077 289 4128 Claud.
303 4079 347 4129 29.
385 4076 510 4144 Maqnusr
530 4079 593 4128 Tac.
612 4077 672 4127 hist.
688 4079 712 4139 1,
727 4078 775 4139 483
795 4077 895 4130 Seneca
913 4075 1001 4140 apoth.
1019 4076 1065 4136 113
1084 4073 1137 4123 Dio
1157 4073 1201 4135 60,
1217 4075 1260 4123 21.

183 4165 207 4230 ²)
234 4169 333 4234 Apotlr.
349 4171 396 4220 112
417 4168 555 4221 occiditis
573 4184 624 4219 aaa
642 4163 713 4218 domo
730 4164 853 4229 Οναιιιιηι,
868 4165 997 4233 Mopsum,
1013 4163 1178 4225 Scriboniam,
1199 4164 1341 4214 tristtcat'as
1359 4177 1430 4212 assa·

114 4257 205 4320 nonem,
225 4259 321 4312 nobiles
341 4267 428 4323 tamen,
452 4258 569 4312 Crassum
587 4275 645 4311 uero
665 4266 716 4309 tam
726 4259 835 4324 joaram,
855 4265 884 4308 ιιι
901 4259 976 4308 ettam
993 4271 1102 4323 sequare
1115 4261 1211 4323 posset.
1244 4254 1330 4305 Verba
1348 4254 1430 4316 attuli,

115 4354 139 4396 ut
160 4365 287 4402 monerem
311 4353 338 4403 iu
362 4353 507 4418 corruptela
532 4368 585 4402 non
608 4351 688 4402 latere
711 4351 818 4400 nomina
836 4351 955 4414 propria,
981 4363 1045 4414 quae
1064 4353 1103 4398 est
1121 4347 1209 4412 opinio
1228 4353 1254 4395 et
1271 4345 1386 4410 priorum
1405 4351 1431 4394 st

113 4436 265 4504 Buecheleri‚
284 4444 330 4494 sed
344 4444 496 4508 vituperium
515 4443 621 4508 aliquod
639 4441 786 4507 oppositum
805 4441 829 4490 ci
848 4455 913 4505 quae
926 4455 988 4490 mox
1000 4439 1163 4504 praedicatur
1175 4437 1311 4488 nobilitati.
1341 4436 1431 4486 Potest

114 4529 186 4581 luisse
203 4535 253 4583 tale
272 4535 394 4599 quiddam
415 4533 463 4617 ‘uit
471 4548 600 4585 sumamus
619 4548 650 4584 aa
667 4533 735 4584 male
753 4532 910 4597 geminatum
930 4543 985 4580 esse
1003 4528 1167 4590 alibrariis):
1187 4525 1276 4578 triadi
1288 4524 1429 4577 tonicam·

114 4620 172 4682 rios,
192 4625 249 4674 item
271 4623 367 4675 nobiles
389 4631 478 4679 tontes.
515 4624 637 4675 Aerarius
661 4624 745 4688 potuit
767 4623 818 4672 dici
840 4621 919 4672 homo
944 4621 1018 4670 unius
1042 4619 1119 4682 assis,
1144 4625 1173 4668 ut
1195 4616 1379 4684 dupondiarias
1403 4625 1429 4669 et

114 4715 274 4769 astertioriaa
291 4715 361 4766 borao
380 4717 473 4781 legitur
491 4716 559 4781 apud
577 4715 736 4766 Petronium.

183 4804 206 4868 3)
232 4808 285 4858 Ι)ἰο
298 4808 341 4868 60,
357 4807 386 4860 5:
404 4795 592 4876 καιαῲρίνησαι
611 4797 642 4863 ὦς
659 4801 701 4854 asi
718 4798 820 4853 παιδίου
838 4795 876 4852 ἔτ’
894 4795 970 4853 circii
988 4789 1065 4858 irasc.

182 4894 207 4957 ⁴)
233 4898 340 4948 Plenum
360 4914 454 4949 nomen
472 4899 566 4964 legitur
584 4898 612 4948 in
630 4897 745 4947 veterani
763 4895 903 4960 diplomate
921 4893 991 4958 apud
1007 4893 1157 4944 Henzenum
1176 4907 1201 4941 n.
1217 4889 1297 4942 6858.
1329 4887 1367 4940 M.
1380 4886 1426 4940 Lt-

107 4985 200 5036 einim:
224 4990 286 5040 Tac.
304 5003 364 5040 aun.
384 4990 432 5052 15,
449 4991 493 5040 33.
534 4986 642 5040 Οταιιιιι
659 4983 758 5054 Frapc':
781 4986 897 5038 Froutin.
921 4999 963 5050 aq.
984 4986 1044 5036 102.
1083 4997 1190 5034 ...cras
1207 4979 1305 5048 Frapi:
1330 4981 1427 5032 Marini

113 5075 172 5128 Aru.
189 5094 214 5143 p.
228 5080 270 5130 61.
311 5078 431 5132 crasans
455 5083 518 5133 Tac.
537 5080 596 5130 hist.
612 5082 636 5143 1,
651 5080 695 5131 48.
715 5080 746 5141 4,
760 5079 810 5142 423
836 5077 904 5128 Plin.
924 5093 963 5142 ep.
980 5080 1003 5139 1,
1019 5075 1047 5137 5,
1063 5075 1079 5126 3
1104 5081 1129 5124 et
1152 5075 1180 5124 in
1197 5074 1271 5126 lastis
1290 5073 1425 5138 chronogr.

114 5179 135 5214 a.
148 5168 206 5230 364,
225 5171 357 5234 Idatianis,
378 5173 443 5223 uliIs.

184 5257 207 5320 ⁵)
234 5258 413 5314 &adonicam
434 5260 554 5314 &aarum
573 5263 635 5314 Tac.
655 5262 715 5313 hist.
728 5263 754 5324 4,
770 5261 813 5312 39.
852 5256 1047 5328 Saticulanum
1068 5259 1130 5309 'Iac
1150 5257 1209 5308 hiet.
1225 5258 1250 5318 1,
1264 5257 1308 5307 47.

1164 5344 1224 5403 10*
