3620 6080
955 603 1136 656 MOMMSEN

784 773 800 846 ᾖ
854 768 974 852 [Quodsi
1027 764 1074 832 uui
1128 771 1154 849 [ὅ
1207 765 1305 845 δῆμος]

785 867 991 953 [fflcto't'lttrc'ccv
1125 862 1307 954 [Γλαφύραν]

784 966 1003 1060 Ἀ[ρ]χ[ε]λᾶου
1022 963 1190 1056 θυγ[ατὲρα
1208 963 1307 1046 Ἰόβα]

787 1077 924 1154 ‘procido
1024 1071 1125 1158 ἀρετῆς
1214 1062 1307 1147 ἕνεκα]
1361 1087 1384 1106 -“

385 1222 482 1286 simul
501 1169 637 1279 videntur
651 1191 789 1278 dedicati*
798 1231 867 1273 esse
881 1213 962 1272 tituli
977 1213 1036 1270 duo
1051 1211 1112 1284 alii,
1134 1210 1210 1270 alter
1223 1209 1318 1286 patris
1336 1172 1434 1267 editus
1446 1201 1511 1282 Ἐφ.
1527 1201 1591 1289 cipp„
1606 1206 1678 1280 1024,

385 1323 575 1384 aKoehlero
598 1321 641 1378 sic
664 1316 846 1392 descriptust
1400 1319 1403 1324 ·

871 1476 874 1484 ·
914 1473 941 1504 υ
960 1473 971 1504 r
994 1481 1016 1504 u
1032 1475 1054 1503 n
1072 1451 1094 1504 Η
1112 1450 1132 1502 Ε
1150 1451 1173 1503 Ξ

914 1549 1172 1604 ΧΕΛΑΟΝΦΙΛΟ
1256 1591 1258 1596 .

916 1650 1172 1704 ΞΝΕΚΑΤΗΣΕΙΣ

385 1811 475 1870 quem
501 1789 624 1866 explent
654 1787 767 1846 nummi
798 1783 879 1861 apud
905 1783 1083 1842 Eclrhelium
1109 1783 1142 1856 3,
1172 1781 1231 1840 201
1265 1787 1294 1840 et
1319 1781 1503 1839 Mionuetum
1528 1779 1555 1851 4,
1580 1779 1639 1836 453.
1661 1777 1684 1849 l,

386 1891 445 1955 722
467 1889 605 1964 inscripti
626 1887 685 1947 aio:
716 1887 892 1944 satiasse
915 1887 1109 1940 ΑΡΧεΛΑοΥ
1131 1884 1415 1939 ψιΛοηΑτΡιΔοο
1438 1884 1516 1937 ror
1536 1871 1685 1948 κτιέτογ,

376 1989 460 2054 ‘alter
480 1989 582 2050 trama
604 1989 703 2048 editus
725 1986 805 2063 apud
819 1985 1007 2060 Rangabium
1029 2003 1059 2042 n.
1074 1983 1113 2042 48
1136 1989 1167 2042 et
1185 1978 1252 2058 Ἐφ.
1276 1978 1348 2064 ἄρχ.
1372 1982 1422 2055 94,
1448 1981 1491 2039 sio
1511 1987 1639 2054 exceptus
1656 1978 1687 2034 ab

385 2091 490 2152 codem
511 2089 680 2150 Koehlero:

930 2221 1091 2275 οΔΗΜοε

896 2321 1168 2376 ΒΑηΛεΩεΑΡκε

832 2411 835 2417 ’
895 2422 1093 2475 ouormou

896 2520 1091 2574 mmmm

386 2645 465 2722 Nam
493 2680 547 2720 rex
573 2658 740 2724 Archelaus
769 2675 829 2716 non
856 2663 956 2734 potest
982 2670 1048 2712 esse
1075 2653 1132 2711 nisi
1159 2653 1282 2714 ultimus
1306 2673 1361 2714 rex
1383 2651 1603 2731 Cappadociam
1625 2649 1690 2707 filins

386 2767 485 2829 autem
506 2759 693 2845 cognominis
722 2758 787 2816 sine
814 2757 907 2816 dubio
928 2756 955 2812 is
978 2761 1040 2824 est,
1065 2753 1116 2828 qui
1141 2753 1221 2811 avito
1245 2752 1455 2832 Cappadociae
1479 2771 1569 2832 ragno
1589 2753 1617 2808 in
1635 2766 1689 2826 pro·

386 2861 501 2920 vinciae
538 2859 665 2925 formam
702 2857 823 2916 redacto
863 2854 986 2916 Ciliciae
1028 2853 1160 2932 aliquam
1196 2866 1312 2933 partem
1355 2841 1492 2926 retinnit,
1533 2858 1692 2912 memoratus

388 2959 494 3022 Tacito
516 2959 555 3019 ad
579 2976 606 3015 a.
628 2962 657 3036 p'.
681 2955 716 3016 Ο.
740 2956 824 3032 361).
869 2953 958 3028 Quod
985 2954 1069 3012 addit
1094 2955 1241 3032 Iosephus
1265 2955 1453 3032 Glaphyram
1481 2955 1615 3014 defuncto
1632 2953 1692 3012 luha

388 3049 596 3136 (μετᾳστοέντος
626 3059 679 3112 τοῦ
708 3045 832 3131 Aridior)
865 3057 904 3114 ad
935 3064 1051 3130 patrem
1086 3057 1117 3112 in
1150 3053 1373 3134 Cappadociam
1407 3073 1560 3115 reversam
1592 3054 1692 3112 tertium

388 3159 531 3245 nupsisse
557 3157 708 3218 Archelao
734 3155 865 3217 Herodis
893 3155 967 3228 filio,
994 3155 1080 3214 fratri
1105 3155 1195 3230 primi
1215 3158 1324 3228 mariti,
1350 3157 1381 3214 in
1403 3177 1442 3216 eo
1465 3175 1591 3229 errorem
1610 3155 1693 3211 inesse

373 3258 474 3326 'multi
497 3258 732 3318 observaverunt
752 3255 835 3331 (vide
860 3275 884 3314 e.
905 3275 931 3316 e.
952 3253 1094 3318 Carolum
1115 3255 1292 3314 Muellerum
1319 3257 1424 3333 fragm.
1453 3258 1523 3316 hist.
1551 3255 1647 3315 Graec.
1670 3253 1693 3321 3,

389 3358 474 3442 466),
495 3375 566 3418 nam
583 3355 771 3442 Glaphyram
793 3356 872 3414 idem
886 3355 1036 3432 Iosephus
1060 3355 1162 3418 scribit
1182 3355 1261 3418 diem
1283 3357 1394 3418 obiisse
1416 3377 1445 3416 a.
1461 3377 1492 3434 p«
1508 3354 1541 3417 Ο.
1560 3357 1593 3430 ‘l‚.
1608 3355 1694 3414 luban

389 3459 503 3524 nummi
525 3439 719 3536 comprobant
739 3455 832 3528 ritem
853 3455 1039 3534 protraxisse
1061 3455 1099 3514 ad
1121 3475 1148 3514 a.
1170 3475 1201 3532 p.
1224 3455 1258 3517 (l.
1283 3456 1331 3516 23.

583 3961 652 4028 nv.
681 3961 728 4025 s.
751 3911 791 4020 οξ
809 3961 866 4025 ou
890 3959 1111 4065 rummare
1132 3964 1171 4022 A.
1193 3961 1229 4021 r.
1253 3961 1290 4025 o.
1310 3962 1523 4031 uuxxxrr.

474 4115 568 4174 Vicus
594 4123 641 4173 est
665 4116 697 4173 in
718 4114 847 4173 Boeotia
866 4115 955 4176 hodie
975 4116 1072 4174 dictus
1093 4115 1228 4188 Kakosi,
1254 4117 1385 4192 antiquis
1407 4127 1510 4176 autem
1534 4115 1698 4196 temporibus

390 4214 538 4284 Thisbae,
564 4232 660 4291 prope
685 4232 775 4290 quem
799 4216 831 4272 in
852 4216 940 4272 vinea
965 4218 1094 4292 quadam
1120 4225 1189 4276 ente
1214 4235 1308 4276 annos
1336 4218 1452 4276 circiter
1484 4220 1586 4278 decem
1612 4215 1696 4275 tabule

389 4333 558 4373 marmorea
583 4321 702 4390 reperta
730 4323 776 4372 est
803 4315 953 4390 descripta
979 4317 1107 4398 primum
1135 4336 1153 4374 u
1181 4317 1354 4388 Blondelio‚
1386 4319 1487 4378 denuo
1520 4338 1539 4378 a
1565 4318 1698 4376 Foucarto

390 4416 511 4493 egregio
525 4413 755 4488 inscriptionum
766 4413 1002 4474 Lehasianarum
1013 4415 1160 4476 Graeciae
1174 4419 1313 4494 propriae
1328 4417 1440 4476 editore
1455 4426 1486 4476 et
1501 4419 1695 4477 continuatore.

388 4516 421 4572 Is
444 4534 512 4573 cum
538 4515 585 4573 bis
610 4514 709 4590 ipsum
731 4513 862 4588 lapidem
888 4525 1026 4594 accurata
1051 4519 1230 4575 examinarit
1257 4525 1286 4576 et
1313 4517 1484 4592 exemplum
1512 4519 1550 4581 ad
1576 4525 1697 4592 ectypum

389 4615 551 4672 identidem
579 4613 759 4694 recognorit,
781 4615 885 4672 titulus
907 4615 950 4672 ita
970 4617 1094 4692 integer,
1116 4625 1231 4676 utnon
1252 4618 1350 4676 desint
1370 4597 1430 4676 nisi
1448 4637 1551 4694 pauca
1571 4618 1697 4676 elementa

388 4712 489 4787 lapids
509 4714 639 4786 hicillic
660 4731 754 4774 exeso
772 4715 820 4772 vel
841 4715 975 4788 effracto,
994 4719 1047 4775 aed
1060 4717 1139 4776 lectu
1160 4735 1220 4776 non
1240 4718 1338 4778 facilis
1359 4727 1437 4777 recte
1459 4729 1491 4796 et
1503 4719 1592 4796 plene
1606 4732 1699 4788 excep

466 4987 490 5050 1>
516 5005 576 5048 tntu·
596 4997 621 5058 Β,
641 5001 690 5051 sir
717 4994 840 5051 Clitarum
857 5001 927 5060 satio
949 4998 1098 5068 Cappadoci
1117 4999 1242 5058 Archelao
1261 5000 1380 5065 subiecta,
1402 5003 1434 5054 ad
1453 5017 1532 5068 quem
1550 5003 1633 5052 locum
1649 5009 1698 5063 prtl‘

388 5075 509 5128 habiliter
533 5085 641 5135 coniecit
662 5089 835 5153 Nipperdeius
856 5107 916 5142 eum
938 5093 1097 5145 Archelaum
1122 5099 1210 5145 natum
1238 5108 1293 5146 esse
1321 5109 1355 5145 ex
1379 5094 1511 5146 Archelao
1540 5094 1628 5144 ultimo
1649 5098 1699 5150 rego

388 5167 577 5234 Cappadociae.
614 5175 654 5233 cl.
675 5179 700 5240 2,
721 5180 763 5230 rs.
785 5183 829 5232 ro.
