3568 6070
163 1597 248 1710 llll
286 1599 590 1714 NVNDINIS
629 1599 1096 1719 CONSVLARIBVS
1135 1609 1401 1726 AllTA'llS

419 1870 422 1878 .
539 1773 1026 1890 IMPERATORIAll.

681 2043 885 2056 ma-

200 2250 249 2309 De
271 2258 386 2310 mutata
406 2252 580 2312 consulatus
595 2253 724 2338 Romani
745 2255 861 2315 ratione
882 2264 1043 2333 postquam
1064 2263 1132 2315 octo
1146 2257 1209 2317 fere
1230 2261 1337 2322 abhinc
1352 2284 1447 2327 annos

120 2351 280 2428 disputavit
305 2353 521 2413 Brambacbius
547 2353 687 2432 (Bonnae
709 2355 819 2434 1864),
845 2357 927 2415 haud
953 2374 1050 2433 pauca
1076 2369 1268 2420 monumenta
1292 2363 1324 2423 in
1351 2367 1447 2436 lucem

83 2465 89 2478 '
120 2453 304 2531 prodierunt,
331 2455 440 2531 quibus
466 2475 503 2514 ea
529 2474 607 2533 quae
632 2457 685 2517 ille
710 2477 745 2516 eo
767 2466 901 2536 tempore
922 2458 1076 2536 exposuit,
1103 2477 1212 2537 magna
1233 2482 1272 2520 ex
1294 2476 1378 2539 parte
1399 2471 1447 2528 vel
1543 2523 1547 2533 .

119 2555 282 2615 refutentur
303 2555 351 2614 vel
379 2556 573 2634 corrigantur.
616 2557 697 2619 Nam
724 2559 750 2618 si
776 2560 932 2637 exceperis
954 2559 1139 2636 principatus
1161 2559 1209 2618 Ti.
1232 2560 1373 2626 Caesaris
1395 2569 1447 2645 (cf.

120 2654 178 2716 Dio
200 2659 257 2730 58,
274 2657 343 2733 20),
373 2655 458 2730 Gaii,
480 2656 614 2732 Claudii,
644 2659 741 2735 primo
766 2679 795 2736 p.
816 2657 887 2718 Chr.
910 2659 1029 2719 saeculo
1051 2661 1122 2718 festi
1144 2663 1316 2726 consulares
1338 2687 1449 2746 nequa·

120 2775 205 2834 quam
226 2759 350 2818 fuerunt
370 2759 495 2832 turbati,
523 2769 556 2819 ut
576 2763 620 2820 ait
639 2761 858 2820 Brambachius
881 2760 922 2837 (p.
940 2761 987 2838 5),
1013 2779 1069 2818 nec
1089 2768 1169 2820 recte
1191 2773 1281 2842 negat
1301 2774 1365 2826 tum
1389 2769 1449 2830 ulla

120 2859 182 2938 lege
202 2860 416 2920 consulatuum
436 2869 573 2938 tempora
594 2860 819 2940 circumscripta
839 2861 883 2940 (p.
902 2862 954 2938 11)
981 2869 1034 2920 aut
1055 2870 1125 2920 ante
1146 2863 1271 2923 Traiani
1291 2867 1447 2947 imperium

121 2961 276 3038 quicquam
298 2979 334 3022 eo
355 2962 475 3020 nomine
497 2969 639 3023 statutum
660 2971 691 3023 et
710 2973 853 3022 constans
874 2963 971 3022 fuisse
994 2962 1036 3040 (p.
1052 2961 1113 3040 16).
1156 2964 1318 3028 Praeterea
1339 2979 1449 3033 temere

121 3064 200 3140 ponit
213 3083 232 3124 a
243 3063 380 3122 Traiano
393 3063 574 3140 imperatore
587 3059 742 3124 institutos
757 3083 825 3124 esse
839 3064 1012 3123 consulatus
1027 3065 1195 3139 bimestres,
1211 3086 1286 3144 quos
1299 3073 1451 3132 contendit

121 3179 172 3222 nec
185 3172 256 3224 ante
272 3183 340 3223 eum
354 3183 486 3242 unquam
500 3164 596 3224 brisse
618 3165 660 3244 (p.
675 3165 728 3242 19)
749 3175 780 3225 et
799 3175 870 3244 post
884 3183 951 3224 eum
965 3167 1008 3223 ita
1022 3165 1189 3239 duravisse,
1211 3179 1244 3227 ut
1259 3171 1369 3231 turbati
1384 3177 1449 3250 qui-

122 3263 183 3324 dem
203 3287 222 3325 a
245 3263 413 3325 Commodo
435 3265 489 3342 (cf.
511 3265 640 3339 Diol2,
659 3265 727 3344 12),
749 3267 879 3326 restituti
900 3273 1000 3324 tamen
1021 3268 1058 3323 ab
1080 3267 1257 3328 Alexandro
1281 3270 1449 3350 (Lamprid.

122 3366 169 3424 vit.
183 3367 238 3444 43)
263 3367 411 3445 proximis
433 3373 513 3426 certe
535 3367 651 3426 abhoc
673 3367 856 3444 temporibus
878 3366 1043 3424 manserint
1065 3365 1108 3442 (p.
1124 3366 1277 3445 liseqq.)
1321 3371 1369 3432 De
1384 3376 1450 3450 qui-

121 3466 173 3527 bns
192 3469 286 3528 rebus
307 3467 415 3528 melius
429 3467 602 3540 iudicasset,
625 3469 651 3526 si
667 3467 833 3527 accuratius
849 3467 1064 3543 perlustrasset
1078 3468 1192 3544 scripta
1206 3469 1376 3548 Borghesii,
1398 3477 1451 3550 qui

122 3567 155 3626 de
179 3568 333 3646 plerisque
360 3589 463 3629 verum
488 3570 548 3628 iam
570 3568 687 3628 viderat
711 3575 742 3627 et
765 3585 946 3645 quamquam
972 3567 1009 3625 de
1035 3567 1177 3626 universa
1202 3571 1377 3632 consulatus
1403 3593 1451 3632 ra·

122 3667 195 3730 tione
215 3687 371 3746 nunquam
393 3671 464 3750 egit,
485 3670 622 3750 pluribus
643 3676 743 3732 tamen
763 3668 839 3728 locis
861 3668 933 3745 quid
955 3667 991 3726 dc
1013 3667 1228 3728 mutationibus
1247 3673 1311 3730 eius
1326 3676 1452 3735 sentiret

123 3769 330 3847 declaravit1).
373 3770 414 3829 Iit
439 3771 546 3849 primis
572 3770 692 3848 quidem
718 3769 836 3848 imperii
863 3769 1047 3846 temporibus
1068 3777 1149 3829 recte
1170 3771 1288 3831 videtur
1309 3777 1451 3835 statuisse

123 3867 320 3951 Borghesiur,
347 3873 375 3931 si
401 3873 452 3949 qui
478 3873 670 3932 inveniantur
692 3870 832 3930 consules
859 3889 913 3947 per
937 3877 1018 3928 totos
1044 3887 1139 3930 annos
1161 3873 1338 3950 magistratu
1358 3877 1452 3935 functi

120 3982 187 4048 post
211 3982 373 4034 semestres
400 3974 581 4036 consulatus
602 3973 698 4032 iactos
726 3972 775 4049 (in
802 3984 892 4030 senos
919 3978 1018 4030 autem
1043 3989 1161 4032 menses
1183 3975 1220 4034 ab
1241 3995 1321 4036 anno
1344 3977 1452 4037 saltem

124 4071 140 4130 2
160 4094 188 4152 p.
203 4073 277 4135 Chr.
298 4075 397 4134 fasces
419 4075 506 4134 datos
529 4092 595 4133 esse
616 4073 687 4133 lasti
710 4071 823 4146 Gabini
845 4072 1007 4132 ostendunt
1028 4072 1087 4131 vol.
1103 4073 1129 4132 I.
1150 4095 1179 4151 p.
1195 4075 1266 4147 473,
1281 4077 1375 4152 XII),
1399 4096 1452 4136 eos

123 4176 274 4250 parentela
294 4177 397 4253 aliqua
418 4193 484 4234 cum
506 4175 595 4234 domo
617 4176 757 4252 Augusta
777 4174 952 4233 coniunctos
974 4173 1084 4247 luisse,
1109 4173 1140 4232 id
1161 4175 1241 4252 quod
1262 4176 1300 4236 de
1322 4178 1454 4236 oonsuli-

124 4274 177 4334 bus
190 4295 337 4337 annorum
350 4276 378 4336 6.
392 4277 419 4336 7.
435 4276 482 4336 12.
497 4276 544 4335 14.
559 4276 597 4337 15
612 4275 828 4336 demonstravit
841 4276 872 4334 in
887 4273 1075 4351 ephemeride
1089 4275 1219 4334 instituti
1234 4277 1452 4355 archaeologici

127 4375 200 4438 1845
221 4397 253 4455 p.
269 4377 337 4437 152.
374 4377 458 4438 Idem
479 4377 637 4437 dicendum
659 4384 706 4438 est
727 4377 764 4436 de
781 4376 822 4436 M.
839 4373 943 4438 Silano
967 4376 1091 4434 consule
1113 4397 1140 4436 a.
1156 4377 1203 4450 19,
1226 4378 1334 4437 marito
1349 4378 1451 4438 Aemi·

125 4475 178 4536 liae
195 4477 330 4558 Lepidae
357 4480 513 4556 proneptis
535 4475 676 4539 Caesaris
699 4478 827 4555 Augusti
849 4477 901 4552 (cf.
924 4495 1016 4553 supra
1035 4496 1065 4553 p.
1082 4476 1152 4554 62);
1179 4477 1215 4535 de
1238 4475 1294 4537 Cn.
1316 4478 1453 4538 Domitio

126 4578 324 4641 Ahenobarbo
351 4581 458 4640 marito
480 4579 666 4658 Agrippinae
688 4577 861 4638 Germanici
887 4577 967 4638 filiae
988 4578 1110 4637 consule
1132 4597 1158 4637 a.
1176 4578 1215 4637 32
1242 4577 1294 4654 (ci.
1318 4579 1379 4638 Dio
1402 4577 1452 4651 58,

127 4676 175 4738 10:
196 4683 251 4740 τῶν
274 4675 302 4738 δ’
326 4669 374 4739 οὖν
394 4673 510 4740 ὑπάτων
532 4676 546 4740 i
566 4669 615 4750 uio
636 4671 765 4749 Aruinae
786 4673 825 4736 δι’
847 4669 927 4740 i'rouo
947 4667 1026 4762 ἦρξε,
1046 4679 1097 4748 τῆς
1118 4671 1175 4762 ’γὰρ
1195 4673 1383 4761 Ἀγριππίνης
1402 4681 1454 4752 τῆς

126 4782 174 4839 τοῦ
191 4782 363 4867 Γερμανικοῦ
383 4766 535 4867 &comptis
556 4772 622 4866 ἀνὴρ
644 4770 676 4853 ἦν
697 4779 791 4858 κτλ),
814 4779 851 4838 de
872 4779 987 4838 Fausto
1007 4776 1149 4840 Cornelio
1172 4777 1260 4841 Sulla
1280 4781 1383 4841 Felice
1404 4797 1453 4859 ge·

128 4898 195 4942 uero
209 4881 330 4944 Claudii
351 4883 473 4944 consule
494 4903 521 4943 a.
538 4883 587 4954 52,
610 4883 653 4943 ita
673 4891 707 4940 ut
727 4881 942 4960 imperantibus
964 4881 1053 4940 etiam
1070 4879 1203 4953 Tiberio,
1219 4879 1309 4957 Gaio,
1325 4882 1453 4944 Claudio

130 5052 326 5068 Ἢ

202 5183 224 5248 ¹)
251 5186 389 5252 Borgbesii
415 5189 448 5238 de
472 5188 656 5238 mutationibus
681 5187 828 5237 consulatus
853 5185 994 5236 sententias
1018 5185 1155 5251 diligenter
1179 5187 1329 5252 compilavit
1351 5187 1454 5238 Natalis

131 5271 172 5321 des
189 5276 296 5342 Vergers
316 5279 386 5330 essai
404 5294 448 5330 sur
467 5275 543 5328 Marc
562 5274 664 5341 Aurile,
685 5278 885 5330 Parisiisdddt)
904 5294 929 5342 p.
944 5279 987 5340 34,
1002 5280 1027 5327 2.

1187 5365 1247 5424 13⁴⁵
