3568 6070
327 593 401 665 104
886 605 1086 660 wultanus

325 783 394 843 inde
419 782 515 840 altera
538 788 638 839 casua
662 779 841 856 legionaris,
868 779 964 837 altera
984 779 1120 854 reliquae
1141 775 1266 836 militiae
1287 775 1383 835 fuisse
1404 774 1481 835 effici
1502 774 1648 846 videatur3

325 903 381 943 neo
402 899 474 942 vero
500 881 615 954 obstat,
641 879 722 958 quod
743 897 833 957 saepe
855 879 975 957 singula
994 885 1109 938 tantum
1129 877 1329 955 reperiuntur,
1354 895 1422 936 curn
1442 875 1650 936 tabulaaillae

326 985 400 1044 alibi
420 1000 540 1059 quoque
560 982 676 1059 passim
696 981 851 1040 omiserint
871 980 1005 1052 castella,
1026 997 1104 1056 quae
1124 979 1157 1038 in
1176 978 1322 1038 laterculo
1344 978 1497 1054 copiarum
1513 977 1650 1038 exhiben-

326 1092 384 1143 tur.
426 1083 532 1142 rislo
558 1091 657 1143 auam
682 1099 776 1158 supra
801 1065 898 1140 alato
924 1101 954 1140 n.
972 1081 1010 1140 14
1035 1080 1143 1140 matu
1164 1079 1390 1157 eurupam,
1416 1079 1467 1138 uni
1488 1077 1652 1154 praelectus

327 1185 395 1243 ulae
416 1183 600 1261 praefectum
620 1183 750 1260 legionis
771 1181 876 1241 ducem
897 1181 1161 1259 praepositumque
1181 1187 1280 1253 vocat,
1301 1198 1362 1239 nou
1382 1179 1473 1238 nimis
1489 1179 1650 1252 tribuerim,

327 1303 424 1362 neque
445 1285 515 1343 iude
534 1283 582 1343 vel
603 1284 725 1362 saepius
741 1283 789 1342 vel
809 1283 986 1361 plerumque
1006 1282 1175 1360 praefectos
1194 1281 1322 1358 legionis
1344 1280 1439 1358 copiis
1459 1279 1650 1340 auxiliaribus

329 1385 502 1463 imperasse
516 1385 723 1450 concluserim.

412 1689 549 1749 instituit
568 1688 660 1766 igitur
679 1696 846 1747 castrorum
866 1687 1097 1764 legionariorum
1111 1686 1339 1764 praefecturam,
1360 1704 1450 1762 quam
1464 1686 1548 1746 omni
1562 1693 1652 1746 aetate

330 1791 467 1849 homines
487 1789 630 1849 inferiore
650 1789 718 1848 loco
740 1787 882 1849 oriundos
904 1789 1038 1866 gessisse
1059 1787 1339 1860 demonstravimus,
1360 1789 1520 1864 Augustus
1538 1787 1653 1866 duplici,

330 1891 447 1967 opinor,
473 1908 564 1950 causa
590 1896 706 1963 motus,
732 1890 828 1949 altera
852 1889 976 1949 militari
998 1920 1038 1934 --
1059 1889 1174 1948 ordinis
1195 1887 1274 1948 enim
1296 1889 1438 1950 senatorii
1460 1897 1492 1948 et
1513 1888 1652 1966 equestris

330 1991 467 2050 homines
495 2007 563 2050 cum
585 1991 618 2050 in
643 1991 741 2067 caliga
766 1990 914 2067 stipendia
940 1991 1061 2050 omnino
1089 2007 1150 2049 non
1177 1989 1324 2063 iacerent,
1352 1991 1405 2048 sed
1431 2010 1450 2050 a
1474 1990 1653 2066 praefectura

331 2089 463 2151 cohortis
485 2092 696 2168 tribunatuque
717 2091 846 2150 militum
867 2091 1004 2150 militiam
1024 2091 1260 2168 ingrederentur,
1282 2091 1347 2148 sine
1367 2090 1458 2150 dubio
1476 2091 1653 2169 legionariae

331 2193 457 2252 militiae
485 2199 625 2252 accurata
650 2192 777 2252 scientia
802 2193 978 2268 plerumque
1003 2193 1159 2264 carebant3
1188 2191 1284 2250 ultera
1311 2191 1402 2250 civili.
1444 2191 1653 2250 Administrari

331 2294 411 2352 euim
433 2294 587 2370 tenerique
607 2293 775 2372 imperium,
799 2294 890 2370 quale
911 2294 968 2354 suit
987 2293 1168 2367 Romanum,
1189 2311 1249 2351 nou
1270 2293 1369 2370 potuit
1388 2293 1447 2351 nisi
1468 2311 1580 2372 magna
1599 2291 1652 2350 sin-

291 2471 293 2474 Ι
331 2395 413 2471 gulis
433 2394 658 2471 magistratibus
678 2411 822 2456 concessa
841 2391 1002 2472 potestate:
1024 2393 1100 2453 lines
1122 2394 1240 2470 imperii
1254 2393 1342 2465 tueri,
1363 2402 1457 2452 terras
1472 2393 1653 2471 populosque

332 2495 368 2553 in·
393 2495 509 2554 dicione
535 2495 640 2573 populi
664 2495 793 2555 Rommi
819 2497 947 2555 retinere
972 2495 1128 2573 praesides
1154 2493 1372 2572 provinciarum
1400 2495 1577 2570 nequibant,
1601 2493 1654 2554 nisi

332 2595 482 2654 exercitus
513 2613 639 2672 magnos
666 2604 848 2674 paratosque
875 2598 1020 2657 haberent
1045 2597 1125 2656 dicto
1152 2595 1315 2654 audientes.
1364 2595 1413 2654 Ab
1438 2595 1537 2655 ultera
1562 2604 1652 2654 autern

331 2703 419 2771 parte
440 2697 607 2757 cavendum
629 2704 702 2770 erat,
724 2716 762 2755 ne
784 2699 975 2758 abuterentur
995 2697 1131 2774 potentia
1151 2714 1216 2769 sua,
1237 2696 1289 2772 qui
1307 2696 1403 2772 copiis
1418 2705 1448 2755 et
1461 2697 1652 2772 cuiuscunque

326 2796 450 2872 generis
472 2797 580 2873 opibus
602 2798 694 2856 tantis
714 2797 841 2875 praediti
863 2808 978 2858 essent:
1000 2817 1077 2874 quae
1096 2797 1211 2857 illicere
1232 2797 1381 2856 debebant
1394 2803 1424 2856 et
1436 2817 1470 2868 re
1483 2818 1558 2858 vera
1571 2816 1652 2874 saepe

331 2896 494 2957 illexerunt
514 2898 651 2958 homines
672 2899 860 2971 ambitiosos,
883 2907 915 2958 ut
935 2918 1034 2958 rerum
1052 2899 1143 2977 potiri
1157 2906 1345 2958 conarentur.
1381 2897 1466 2957 Haec
1480 2909 1651 2971 eratcausa,

325 3014 387 3054 cur
406 2997 565 3073 Augustus
589 2998 760 3075 legionibus
785 2999 913 3076 singulis
934 3000 1051 3078 legatos
1072 3007 1284 3078 praeponeret,
1311 2999 1362 3076 qui
1383 3000 1572 3076 praesidibus
1591 3019 1651 3078 pre

332 3097 497 3156 vinciarum
519 3099 674 3158 obedirent
694 3100 825 3176 quidem,
846 3102 900 3160 sed
920 3100 1011 3159 iidem
1032 3101 1093 3160 illis
1114 3119 1204 3180 pares
1225 3109 1327 3161 esseut
1345 3101 1513 3179 vigilesque
1534 3103 1652 3162 exsiste·

332 3204 412 3269 rent,
438 3198 608 3276 siquando
634 3219 730 3260 novas
756 3219 806 3262 res
834 3201 934 3261 moliri
959 3201 1079 3262 vellent.
1124 3201 1185 3264 Sed
1210 3201 1302 3279 legati
1329 3209 1359 3266 et
1383 3203 1604 3280 provinciarum
1625 3212 1651 3262 ct

331 3297 484 3373 legionum
506 3317 608 3360 omnes
630 3309 715 3362 erant
735 3298 876 3362 senatorii
897 3303 1028 3383 ordinis:¹
1048 3303 1121 3380 quid
1142 3305 1169 3363 si
1191 3303 1311 3380 quaudo
1326 3312 1447 3363 senatus
1460 3294 1592 3366 veterem
1604 3321 1651 3381 po·

331 3404 469 3458 testatem
495 3420 673 3478 recuperare
698 3403 875 3462 moliebatur
901 3421 957 3462 uec
981 3391 1043 3462 iam
1069 3404 1106 3462 de
1132 3423 1169 3462 eo
1194 3399 1357 3466 discrimen
1378 3415 1457 3478 erat,
1478 3406 1547 3484 quis
1566 3405 1651 3483 impe·

331 3508 427 3573 reret,
454 3503 508 3560 sed
533 3521 593 3579 qua
618 3504 716 3564 forma
741 3503 911 3582 respublica
933 3505 1106 3584 regeretur?
1150 3497 1343 3584 Quantopere
1364 3515 1463 3566 autem
1483 3507 1651 3585 posterioris

331 3601 552 3680 etiam-aetatis
573 3605 769 3682 imperatores
794 3605 887 3665 diffisi
909 3605 971 3666 siut
991 3608 1118 3678 senatui,
1141 3614 1175 3666 ut
1194 3613 1374 3686 potestatem
1394 3607 1466 3668 eius
1480 3609 1576 3686 magis
1596 3603 1670 3667 ma'

232 3789 235 3792 Ι
330 3701 438 3778 gisque
457 3703 663 3782 infringerent,
684 3708 778 3784 probe
799 3707 857 3767 scit
877 3707 929 3792 qui
950 3708 1057 3768 aetatis
1078 3709 1287 3786 imperatoriae
1307 3708 1465 3768 historiam
1484 3711 1576 3768 novit.
1615 3707 1652 3768 Ut

330 3802 423 3878 igitur
448 3811 568 3880 praeter
593 3805 709 3885 legatos
735 3791 944 3884 procuratores
969 3809 1001 3868 in
1025 3809 1197 3886 provincias
1219 3809 1297 3869 mitti
1318 3809 1415 3870 voluit
1435 3810 1589 3889 Augustus
1608 3809 1651 3867 vel

332 3902 439 3962 domus
466 3904 676 3980 imperatoriae
703 3907 826 3968 libertos
853 3910 901 3969 vel
915 3910 1078 3988 ¹equestris
1106 3907 1219 3970 ordinis
1246 3911 1400 3984 homiues,
1427 3912 1471 3971 ita
1495 3911 1529 3971 in
1554 3910 1650 3972 castris

332 4022 453 4081 quoque
473 4007 629 4068 constituit
649 4003 788 4068 ut'iuxta
807 4011 938 4090 legatum
960 4009 1130 4088 praefectus
1151 4011 1265 4072 ordinis
1285 4011 1435 4072 inferioris
1453 4013 1554 4072 locum
1569 3999 1650 4070 habe·

332 4113 392 4177 ret,
416 4106 509 4186 longa
535 4108 644 4168 militia
668 4111 862 4188 imperatorio
883 4111 997 4172 nomini
1022 4113 1140 4174 iunctus
1166 4113 1360 4190 devotusque.
1406 4111 1465 4188 Qui
1490 4114 1650 4190 praefectus

332 4206 501 4284 appellatus
522 4219 569 4269 est
585 4213 748 4288 praefectus
769 4223 941 4280 castrorumr
966 4233 1023 4273 nec
1042 4215 1163 4273 saeculo
1184 4214 1282 4291 primo
1304 4213 1374 4274 addi
1395 4200 1513 4275 solebat
1532 4213 1649 4292 legionis

330 4324 449 4382 nomen,
471 4327 537 4368 oum
559 4329 650 4389 saepe
671 4313 841 4390 complures
862 4315 995 4394 legiones
1016 4315 1124 4374 iisdem
1145 4313 1253 4375 castris
1276 4322 1463 4388 tenerentur3
1485 4314 1553 4375 eddi
1570 4333 1648 4391 coep·

331 4415 393 4466 tum
415 4417 475 4483 est,
500 4420 659 4489 postquam
680 4413 873 4474 Domitianus
896 4434 952 4474 sua
972 4434 1121 4492 quamque
1140 4417 1290 4494 legionem
1311 4423 1412 4475 castra
1431 4418 1541 4476 habere
1560 4415 1649 4484 iussit,

330 4527 462 4586 moxque
482 4513 526 4572 ita
546 4513 684 4586 obtinuit,
706 4523 740 4573 ut
760 4533 818 4574 usu
839 4517 1014 4592 quotidiano
1037 4534 1128 4594 saepe
1149 4528 1309 4578 coemeram
1323 4517 1442 4594 quidem
1457 4521 1577 4578 verbum
1591 4517 1647 4575 bre

331 4609 433 4668 vitatis
456 4631 547 4673 causa
567 4615 783 4692 neglegeretur,
806 4615 884 4695 legio
905 4627 1005 4676 tumen
1027 4625 1060 4676 ut
1080 4617 1112 4676 in
1132 4617 1285 4676 tribunatu
1306 4619 1433 4678 militum
1454 4619 1507 4678 vix
1528 4633 1648 4694 unquam

331 4709 526 4798 omitteretur.
571 4713 667 4788 Quem
693 4735 780 4778 usum
807 4717 972 4795 Septimius
997 4716 1131 4779 Severus
1157 4719 1258 4778 sanxit
1282 4719 1507 4798 legitimumque
1532 4715 1648 4778 reddidit
1698 4755 1701 4760 -

330 4828 439 4869 nomen
457 4814 599 4887 praesceti
620 4817 747 4892 legionis,
768 4819 1068 4896 fortassepotestate
1089 4834 1210 4899 quoque
1231 4821 1468 4898 muneribusque
1483 4821 1546 4882 eius
1560 4815 1646 4878 auctis

330 4910 389 4981 ita,
418 4918 452 4970 ut
477 4931 553 4988 quae
574 4917 725 4992 praefecto
747 4919 869 4980 adderet
890 4920 1021 4980 demeret
1040 4921 1149 4997 legato.
1186 4919 1250 4981 'Est
1270 4921 1351 4980 enim
1372 4928 1477 4989 notum
1497 4923 1556 4980 iem
1576 4919 1646 4976 hunc

329 5011 539 5086 imperatorem
562 5003 682 5093 quoquo
703 5020 792 5079 modo
813 5021 955 5082 senatorii
976 5023 1091 5081 ordinis
1113 5029 1291 5098 potestatem
1312 5023 1510 5082 imminuisse.
1555 5021 1645 5094 Atque

263 5186 269 5196 Ι
330 5111 400 5169 inde
420 5113 549 5210 fortasse
572 5119 781 5196 explicandum
803 5129 857 5194 est,
883 5121 963 5200 quod
985 5142 1051 5183 oum
1072 5124 1241 5200 praelectus
1263 5124 1384 5187 saeculo
1399 5123 1414 5183 I
1429 5133 1459 5184 et
1473 5119 1644 5185 lIoorniou-
