3654 6072
571 1437 1030 1584 mauraneum

451 1637 528 1716 AD
558 1637 765 1721 FASTOS
794 1641 925 1722 ANNI
952 1641 1152 1724 IVLIANI

611 1789 686 1864 (vor.
703 1789 718 1846 1
740 1809 769 1866 p.
787 1788 984 1868 aaa-412).

699 2017 902 2028 ——--—.

219 2260 382 2320 Fastorum
415 2261 486 2320 anni
514 2261 624 2321 Iuliani
655 2282 733 2338 quae
765 2265 940 2323 tenebamus
969 2265 1156 2341 exemplaria
1183 2278 1272 2328 aucta
1299 2281 1368 2329 sunt
1395 2291 1465 2344 uno,

134 2381 242 2440 nempe
269 2381 305 2421 eo
331 2363 413 2439 quod
439 2363 650 2422 effossionibus
677 2365 708 2422 in
734 2365 802 2422 luco
829 2365 901 2424 deae
929 2365 1007 2423 Diae
1034 2367 1130 2462 nostri
1156 2369 1237 2444 regis
1265 2371 1352 2429 iussu
1380 2375 1465 2432 insti·

133 2465 207 2521 tutis
233 2481 288 2538 per
314 2482 341 2522 a.
362 2463 441 2522 1867
462 2471 491 2522 et
513 2463 591 2522 1868
618 2466 696 2522 inter
722 2475 855 2524 actorum
882 2466 1040 2524 Arvalium
1066 2467 1207 2543 reliquias
1234 2475 1384 2547 repertum
1411 2483 1466 2546 est,

133 2565 247 2640 publici
269 2573 371 2623 autem
392 2565 467 2623 iuris
488 2565 600 2624 factum
621 2567 659 2623 ab
682 2565 826 2624 Henzeno
847 2567 878 2624 in
900 2567 1044 2626 relatione
1068 2568 1103 2625 de
1125 2567 1232 2627 iisdem
1253 2571 1465 2634 effossionibus

133 2666 216 2724 edita
236 2665 351 2724 Romae
377 2685 403 2724 a.
419 2665 497 2724 1868
523 2683 552 2740 p.
569 2666 711 2725 84—93.
755 2665 822 2725 Nos
851 2667 1014 2727 secundum
1040 2669 1130 2728 huius
1157 2671 1355 2746 ephemeridis
1381 2674 1467 2732 insti·

80 2807 86 2815 -
133 2774 231 2825 tutum
252 2776 406 2825 reservata
426 2767 520 2842 ipsius
543 2767 663 2824 tabulae
684 2769 960 2843 repraesentatione
982 2769 1119 2846 eorporis
1137 2771 1339 2832 voluminibus
1361 2781 1468 2850 postea

133 2867 299 2944 prodituris
327 2857 444 2934 interim
470 2867 632 2926 referemus
659 2886 855 2944 quaecunque
881 2871 911 2927 in
935 2870 1069 2945 reliquiis
1087 2871 1126 2928 iis
1149 2873 1339 2932 continentur
1359 2876 1401 2933 ita
1423 2877 1466 2934 di-

134 2978 230 3043 gestu,
253 2977 287 3026 ut
309 2969 487 3045 digessimus
509 2969 540 3026 in
562 2969 659 3043 primo
682 2969 833 3028 volumine
855 2971 1041 3045 exemplaria
1062 2989 1097 3028 eo
1119 2979 1253 3047 tempore
1274 2982 1354 3040 nota.

218 3069 430 3146 Inscriptionis
452 3087 511 3127 uno
528 3087 616 3126 versu
637 3069 776 3128 maximis
798 3071 906 3129 litteris
922 3071 1051 3146 scriptae
1064 3072 1214 3149 particula
1228 3085 1365 3151 superest
1379 3077 1465 3135 baec:

303 3203 393 3279 (aeaut
405 3221 487 3262 attera«
501 3231 518 3262 a.
534 3204 583 3278 37)
607 3187 654 3295 (με’
667 3234 673 3248 ·
688 3221 756 3262 ruse
771 3234 778 3248 ·
794 3221 869 3263 axau
884 3235 891 3248 ·
906 3179 1016 3300 navat]
1033 3206 1124 3282 (aare
1136 3225 1220 3266 tramae
1235 3237 1253 3267 e.
1268 3209 1299 3285 5)

135 3342 273 3424 Apparet
299 3340 475 3416 magistrum
503 3339 633 3416 aliquem
659 3339 779 3417 collegii
805 3359 857 3398 eos
884 3341 980 3400 fastos
1006 3341 1037 3398 iu
1064 3342 1133 3400 luco
1162 3359 1249 3401 sacro
1270 3345 1467 3421 proposuisse

135 3423 233 3516 iiqtdue
254 3459 364 3498 nomen
385 3441 625 3518 praescripsisse.
662 3438 811 3512 Quicum
833 3440 1041 3517 [c]mp(erator)
1064 3442 1243 3519 appelletur,
1264 3454 1344 3502 reete
1366 3447 1469 3504 obser·

136 3542 218 3624 tavit
240 3540 400 3600 Henzenus
426 3543 474 3598 hic
500 3561 559 3600 non
586 3541 751 3618 significari
777 3542 984 3617 imperatorem
1013 3543 1064 3616 qui
1090 3543 1180 3600 rebus
1205 3555 1371 3618 praeessem
1398 3563 1467 3604 nam

136 3644 279 3701 extremis
312 3643 398 3700 annis
424 3644 567 3720 Augusti,
599 3660 658 3716 quo
689 3650 822 3716 tempore
851 3641 946 3700 fastos
976 3643 1032 3699 hos
1062 3643 1190 3718 scriptos
1218 3661 1286 3701 esse
1313 3663 1384 3702 mox
1416 3647 1467 3704 de·

136 3743 385 3814 monstrabimus,
414 3762 511 3819 neque
537 3743 666 3818 Augusti
693 3761 789 3817 neque
814 3743 930 3800 Tiberii
959 3760 1067 3800 nomen
1094 3743 1126 3800 in
1152 3747 1219 3818 imp.
1248 3743 1360 3804 nudum
1389 3746 1467 3804 desi-

136 3864 206 3903 nere
231 3845 340 3921 potuit.
376 3843 500 3901 Nummi
522 3854 601 3902 certe
622 3843 798 3918 lapidesque
820 3844 898 3902 inter
919 3843 1048 3900 bonores
1070 3845 1202 3920 Augusti
1223 3854 1253 3903 et
1275 3844 1391 3904 Tiberii
1412 3847 1467 3904 im·

136 3946 320 4022 paratorium
347 3963 417 4003 raro
444 3945 550 4004 ultimo
579 3945 644 4001 loco
671 3944 821 4002 collocant
841 3962 938 4019 neque
959 3944 1126 4002 iterationis
1146 3945 1358 4004 indicationem
1380 3949 1469 4005 omit·

137 4057 198 4104 tere
228 4047 336 4104 solent.
385 4046 450 4103 lam
484 4065 552 4104 cum
580 4047 738 4121 Augustus
769 4052 838 4119 post
867 4063 930 4102 rem
959 4044 1108 4120 publicam
1137 4048 1330 4118 constitutam
1356 4065 1384 4106 a.
1407 4045 1466 4105 727

137 4147 327 4225 imperatoris
353 4147 496 4204 honorem
523 4155 645 4222 propter
671 4145 771 4221 ipsum
797 4163 904 4202 nomen
930 4145 1110 4204 invidiosum
1133 4155 1163 4204 et
1182 4147 1386 4222 periculosum
1406 4167 1469 4206 non

139 4249 300 4306 concedere
327 4248 436 4306 soleret
463 4247 522 4304 nisi
544 4246 681 4321 proxime
703 4246 868 4304 coniunctis
891 4264 958 4304 cum
980 4245 1069 4304 domo
1089 4247 1296 4321 imperatoria,
1322 4267 1383 4306 non
1405 4265 1467 4305 cre-

138 4351 261 4409 diderim
283 4349 378 4406 ullum
400 4367 435 4404 eo
457 4357 590 4422 tempore
613 4347 643 4404 in
663 4347 740 4404 vivis
761 4347 856 4405 fuisse
877 4346 1067 4421 imperatoris
1087 4347 1199 4406 bonore
1222 4356 1360 4405 ornatum
1382 4366 1468 4424 prae·

138 4460 181 4508 ter
208 4451 294 4526 ipsos
319 4449 406 4521 illos,
436 4448 487 4522 qui
516 4449 604 4506 rebus
633 4455 805 4522 praeerant,
835 4454 865 4503 et
892 4444 1104 4505 Germanicum
1130 4448 1340 4522 imperatorem
1366 4449 1467 4524 appel·
1525 4496 1527 4500 .

137 4551 231 4610 latum
252 4551 315 4620 bis,
344 4567 470 4624 quarum
492 4547 739 4606 acclamationum
760 4547 856 4605 altera
877 4547 940 4604 sive
962 4548 1045 4621 prior
1066 4547 1129 4604 sive
1150 4549 1300 4622 posterior
1320 4547 1401 4606 facta
1423 4557 1470 4607 est

139 4671 216 4710 anno
231 4671 260 4726 pa
278 4647 351 4708 Chr.
370 4651 407 4706 14
428 4649 535 4724 paucis
556 4657 627 4726 post
647 4648 779 4725 Augusti
804 4665 963 4705 excessum
985 4647 1137 4704 mensibus
1160 4647 1247 4723 (Tac.
1270 4665 1339 4706 ann.
1360 4651 1388 4721 1,
1403 4647 1468 4724 58).

138 4753 277 4812 Eundem
302 4752 335 4809 in
357 4749 516 4827 collegium
542 4749 668 4808 fratrum
688 4748 845 4806 Arvalium
866 4748 934 4804 vivo
957 4749 1111 4813 etiamtum
1132 4750 1271 4826 Augusto
1298 4758 1470 4826 cooptatum

140 4872 205 4912 csse
228 4861 298 4910 acta
323 4851 485 4910 ostendunt
511 4850 581 4908 anni
603 4869 632 4924 p.
649 4847 719 4908 chr.
739 4850 791 4919 14,
818 4865 997 4922 quamquam
1019 4847 1094 4904 miro
1117 4867 1216 4906 errore
1236 4851 1383 4909 Mariuius
1405 4851 1473 4908 eius

138 4974 247 5013 nomen
267 4955 312 5011 ita
331 4971 392 5010 nou
415 4953 545 5026 agnovit,
568 4959 601 5008 ut
622 4949 788 5007 inauditum
809 4948 879 5006 inde
894 4947 1009 5005 Tiberii
1030 4965 1177 5024 agnomen
1192 4949 1332 5009 effecerit.
1369 4949 1471 5024 Quare

138 5056 269 5114 fortasse
299 5072 360 5110 non
387 5052 512 5123 errabit,
540 5053 593 5126 qui
620 5051 764 5108 extremis
791 5047 921 5124 Augusti
947 5047 1034 5105 annis
1060 5048 1178 5124 ipsique
1205 5049 1387 5114 Germanico
1415 5052 1471 5109 hos

139 5157 235 5214 fastos
262 5154 374 5212 tribuit.
423 5151 629 5228 Excipiendus
656 5160 755 5208 tamen
781 5158 828 5208 est
853 5149 980 5224 Augusti
1005 5157 1176 5223 postremus
1198 5172 1227 5228 p.
1244 5151 1316 5212 Ohr.
1334 5152 1387 5222 14,
1413 5169 1472 5226 quo

141 5275 219 5314 anno
253 5255 348 5312 alium
375 5253 551 5328 magistrum
581 5251 708 5328 collegio
735 5251 904 5328 praefuisse
930 5268 969 5307 ex
997 5250 1072 5308 actis
1101 5252 1189 5310 modo
1219 5253 1318 5311 citatis
1345 5259 1473 5310 constat.

1227 5353 1244 5410 3
