3654 6072
383 632 407 700 4
645 657 649 662 ¹
709 707 717 726 ι
804 645 1010 698 arrususms
1036 643 1294 697 surennrarcn

470 815 584 881 Habet
613 823 722 880 autem
750 822 788 879 ut
816 835 900 900 opus
923 813 970 878 ita
994 813 1198 878 continuatio
1223 835 1315 879 suam
1340 811 1578 878 difficultatem.
1624 813 1721 878 Nam

382 929 613 1016 supplementa
644 950 717 994 cum
747 937 785 992 ut
812 927 922 1012 ipsum
947 925 1077 1013 Corpus
1108 926 1288 993 secundum
1311 927 1464 1016 regiones
1488 927 1722 994 distribuenda

383 1047 466 1128 sint,
497 1043 672 1130 quotannis
701 1041 923 1129 particulatim
951 1039 1004 1106 cdi
1026 1065 1094 1106 non
1117 1048 1275 1126 possunt3
1304 1063 1412 1127 neque
1436 1041 1638 1108 onerandum
1664 1051 1721 1108 est

384 1158 515 1244 Corpus
550 1159 583 1223 1:
613 1157 655 1224 L.
699 1156 996 1222 additamentorum
1030 1155 1196 1222 fasciculis
1229 1163 1367 1241 propter
1399 1155 1508 1242 ipsum
1542 1180 1720 1223 numerum

381 1273 550 1356 molestis,
585 1295 692 1357 neque
728 1269 1016 1353 committendum,
1050 1279 1088 1334 ut
1122 1269 1164 1335 ad
1197 1270 1303 1354 prima
1337 1291 1485 1355 quaeque
1521 1272 1719 1360 apographa

381 1389 576 1476 plerumque
605 1387 838 1474 inscriptiones
867 1386 901 1450 in
932 1408 970 1450 eo
995 1383 1135 1450 edantur
1157 1406 1256 1469 saepe
1279 1383 1538 1452 mendosissime.
1584 1385 1718 1453 Rursus

383 1511 492 1568 autem
522 1525 722 1590 magnopere
751 1499 932 1586 optandum
962 1507 1031 1581 est,
1061 1507 1098 1563 ιιι
1128 1498 1155 1564 si
1183 1521 1250 1563 non
1283 1498 1391 1564 omnia
1414 1508 1504 1565 certe
1526 1501 1657 1586 potiora
1682 1511 1718 1566 et

383 1618 536 1706 graviora
559 1639 633 1682 cum
656 1616 772 1680 harum
795 1638 905 1680 rerum
929 1613 1085 1679 studiosis
1110 1613 1261 1679 omnibus
1286 1635 1385 1698 quam
1407 1614 1548 1700 primum
1568 1637 1717 1680 commu-

382 1733 543 1798 nicentur.
589 1731 684 1796 Haec
713 1729 843 1795 diversa
872 1737 905 1794 et
933 1726 1175 1813 quodammodo
1206 1729 1370 1792 contraria
1395 1736 1433 1792 ut
1461 1736 1619 1814 quantum
1642 1730 1717 1794 lieri

381 1855 495 1933 potest
524 1846 793 1926 conciliarentur,
824 1841 1005 1910 Academia
1032 1865 1116 1928 quae
1145 1865 1233 1907 nova
1256 1842 1325 1908 sire
1349 1842 1383 1906 in
1405 1842 1498 1909 libris
1523 1842 1619 1910 editis
1644 1845 1715 1909 sive

383 1962 533 2048 epistulis
562 1961 706 2026 virorum
735 1959 907 2024 doctorum
938 1957 1115 2022 afferantur
1144 1957 1253 2022 statim
1281 1957 1459 2024 examinari
1490 1957 1587 2024 iussit
1617 1967 1650 2024 et
1680 1960 1714 2023 in

384 2077 586 2142 collectanea
610 2075 733 2156 referri,
759 2073 933 2140 editionem
956 2095 1034 2138 vere
1060 2072 1362 2157 supplementorum
1384 2093 1452 2136 non
1474 2072 1546 2138 ficri
1568 2073 1632 2140 nisi
1654 2097 1715 2160 per

382 2191 556 2256 intervalla
585 2190 709 2254 maiora
741 2197 774 2254 et
805 2187 1016 2273 postmodum
1049 2186 1180 2251 demum
1207 2194 1307 2270 prout
1340 2209 1378 2250 ea
1408 2188 1630 2252 succreverint
1657 2187 1714 2252 de-

381 2304 545 2388 finienda,
572 2303 702 2369 interim
726 2327 804 2369 vero
830 2325 885 2384 ea,
915 2302 1034 2388 quibus
1057 2301 1240 2366 litterarum
1266 2301 1459 2366 Latinarum
1484 2301 1624 2368 studiosi
1646 2325 1714 2368 non

383 2421 452 2486 sine
475 2419 684 2486 incommodo
709 2418 833 2484 diutius
858 2425 1010 2500 careant,
1041 2417 1152 2482 statim
1181 2413 1233 2480 edi
1257 2414 1467 2500 ephemeride
1491 2415 1533 2482 ad
1555 2415 1589 2483 id
1612 2441 1714 2482 unum

383 2535 557 2602 destinata.
604 2534 688 2599 Ilius
717 2533 844 2620 negotii
874 2541 908 2596 et
937 2533 1078 2596 maxime
1110 2529 1329 2617 ephemeridis
1359 2529 1506 2596 edendae
1530 2553 1642 2597 curam
1672 2533 1713 2597 iis

382 2649 591 2735 potissimum
626 2646 859 2729 demandavit,
900 2647 956 2732 qui
989 2646 1142 2711 instituto
1177 2644 1428 2732 archacclogico
1462 2644 1612 2710 Romano
1646 2647 1713 2711 iam

382 2765 488 2848 ipsius
517 2761 717 2828 Academiae
749 2761 904 2848 auspiciis
934 2769 1025 2826 recto
1055 2760 1213 2845 praefecti
1246 2767 1333 2826 sunt.
1379 2759 1467 2825 Nam
1494 2769 1532 2826 ut
1553 2759 1652 2827 Italia
1681 2775 1714 2828 et

383 2879 418 2944 in
440 2877 538 2943 Italia
566 2877 707 2942 maxime
736 2876 815 2942 urbs
847 2885 980 2942 aeterna
1009 2875 1126 2940 horum
1156 2873 1339 2941 studiorum
1363 2875 1456 2962 origo
1480 2885 1531 2942 est
1554 2885 1587 2942 et
1609 2875 1713 2942 domi-

385 2993 514 3076 cilium,
542 2991 590 3057 ita
612 2991 805 3058 Institutum
835 2989 918 3056 illud
948 2989 990 3056 ad
1014 2989 1048 3054 id
1070 2989 1195 3075 ipsum,
1225 3011 1290 3074 quo
1319 3011 1380 3054 nos
1403 2989 1585 3074 tendimus,
1615 2993 1713 3057 etiarn

385 3115 462 3173 ante
494 3117 610 3195 sponte
631 3131 700 3172 sua
728 3105 870 3172 tetendit
894 3105 1093 3190 nullumque
1125 3103 1223 3170 hodie
1253 3113 1344 3170 extat
1375 3107 1635 3192 promptuarium
1663 3108 1712 3171 in-'

386 3223 601 3309 scriptionum
630 3222 826 3288 Latinarum
853 3243 960 3306 nuper
990 3228 1193 3307 repertarum
1223 3219 1330 3285 minus
1358 3220 1585 3306 imperfectum
1615 3244 1712 3306 quam

385 3345 462 3402 sunt
485 3345 560 3403 acta
584 3338 653 3404 cius
677 3337 801 3428 maiora
824 3336 1025 3421 minoraque.
1065 3335 1136 3401 Iam
1153 3334 1349 3420 Ephemeris
1373 3333 1455 3400 haec
1477 3335 1556 3400 licet
1573 3335 1620 3401 ibi
1637 3335 1713 3401 eda-

383 3461 454 3533 tur,
482 3453 540 3518 ubi
567 3451 674 3518 editur
698 3449 845 3536 CorpuS,
876 3452 968 3516 cuius
992 3473 1059 3516 non
1083 3459 1134 3516 est
1156 3450 1220 3516 uisi
1244 3449 1388 3514 accessio
1413 3449 1522 3534 aliqua
1545 3457 1578 3514 et
1601 3459 1712 3515 aucta-

383 3569 477 3650 rium,
502 3567 564 3633 erit
587 3575 620 3632 et
637 3567 711 3652 ipsa
726 3567 875 3632 Instituti
888 3565 1133 3654 archaeologiei
1147 3564 1299 3648 Romani,
1323 3585 1557 3651 speramusque
1572 3563 1653 3647 fore,
1676 3574 1712 3630 ut

384 3681 569 3748 coniunctis
597 3682 685 3748 curis
707 3681 868 3747 Italorum
893 3681 1217 3766 Germanorumque,
1248 3701 1387 3765 quorum
1410 3679 1475 3746 illis
1498 3679 1580 3746 haec
1604 3679 1712 3746 studia

383 3796 492 3882 patria
515 3804 608 3879 sunt,
638 3796 690 3863 his
713 3797 778 3860 iam
804 3797 981 3884 adoptiva,
1006 3795 1170 3861 adiunctis
1192 3795 1271 3858 item
1296 3803 1477 3858 ceterarum
1500 3795 1670 3860 nationum
1693 3819 1711 3860 a
1790 3819 1791 3882 j

385 3910 612 3976 communibus
635 3911 817 3976 litterarum
840 3911 958 3977 studiis
978 3933 1048 3976 uon
1072 3909 1317 3975 abhorrentium
1342 3909 1474 3992 officiis,
1498 3908 1553 3974 hic
1575 3909 1711 3996 inserip·

384 4025 511 4090 tionum
541 4025 735 4091 Latinarum
766 4049 883 4092 reeens
916 4035 1119 4112 repertarum
1151 4023 1327 4091 thesaurus
1356 4047 1417 4111 per
1448 4045 1552 4090 annos
1584 4023 1710 4090 futuros
1790 4001 1791 4036 ³

385 4140 486 4206 fontis
509 4141 659 4226 perpetui
682 4141 787 4206 instar
810 4142 996 4207 scaturriat.
1452 4125 1456 4137 λ

474 4255 599 4321 Verum
629 4264 679 4320 est
706 4239 829 4320 fontem
859 4255 967 4321 adhuc
997 4255 1128 4322 minime
1156 4253 1347 4336 scaturrire,
1377 4253 1476 4318 immo
1499 4253 1555 4318 vix
1578 4253 1718 4324 stillare„

386 4369 474 4434 Nam
498 4393 573 4436 cum
596 4371 692 4436 nobis
715 4371 984 4456 proposuerimus
1009 4371 1097 4437 edita
1121 4371 1252 4436 demum
1267 4367 1434 4432 volumina
1451 4366 1610 4454 Corporis
1625 4367 1653 4433 I.
1669 4368 1708 4434 L.

323 4542 326 4548 .
386 4483 478 4550 hisce
501 4486 623 4552 nostris
646 4485 787 4572 pagellis
811 4487 975 4571 supplere,
1000 4485 1109 4552 adhuc
1123 4487 1187 4550 tria
1202 4491 1330 4548 tantum
1345 4482 1539 4569 prodierunt
1554 4483 1710 4567 antiquis-

387 4599 561 4684 simarum,
583 4601 857 4685 Hispaniearum,
880 4601 1157 4688 Pompeianarum
1185 4595 1340 4684 penicillo
1364 4598 1482 4664 stilcve
1506 4597 1708 4682 scriptarum.

386 4711 495 4779 Erunt
522 4715 624 4802 igitur
655 4716 711 4800 qui
737 4739 799 4781 nos
828 4715 1073 4803 reprehendant
1095 4721 1232 4799 propter
1253 4733 1508 4800 praeproperam
1529 4711 1709 4777 festinatio·

386 4851 479 4910 nem3
503 4829 563 4896 sed
585 4829 730 4914 videant,
753 4853 795 4895 ne
818 4829 982 4895 fallantur.
1021 4828 1110 4894 Nam
1135 4837 1185 4893 est
1208 4827 1332 4913 aliquid
1354 4827 1389 4892 in
1411 4826 1471 4891 tali
1494 4849 1529 4891 re
1553 4825 1708 4910 coepisse.

387 4943 519 5009 Deinde
543 4944 842 5030 antiquissimarum
866 4945 1016 5032 syllogen
1040 4951 1116 5007 ante
1139 4941 1200 5008 hos
1225 4951 1300 5008 octo
1324 4963 1428 5007 annos
1446 4939 1567 5006 editam
1582 4939 1710 5026 supple-

386 5067 533 5124 mentum
555 5060 610 5124 vel
633 5058 732 5123 hodie
754 5059 919 5144 requirere
943 5059 1041 5144 periti
1063 5079 1130 5121 non
1152 5044 1340 5145 negabunt,
1367 5077 1429 5122 nec
1453 5063 1610 5140 spernent
1633 5075 1709 5139 quas

388 5170 539 5239 dabimus
554 5173 723 5259 Hispanas
748 5181 780 5239 et
794 5174 1013 5262 Pompeianas
1036 5171 1115 5238 licet
1136 5194 1272 5238 numero
1296 5193 1364 5236 non
1386 5171 1434 5235 ita
1449 5169 1579 5236 multas.
1614 5168 1709 5234 Prae·
