3620 6080
522 637 821 692 ossnuvemouns
837 638 956 692 11111.
975 639 1057 692 xm.
1376 631 1423 702 17
1428 635 1449 704 5

133 814 224 876 monio
245 812 409 874 nascituris
431 811 583 870 successio
604 811 689 888 regni
710 811 776 870 eius
799 811 928 872 daretur.
971 811 1110 876 Obtinuit
1138 817 1170 876 id
1197 821 1299 895 puella
1330 826 1453 886 omnino

132 924 247 992 propter
268 923 393 972 matrem
414 929 597 988 quamquam
618 911 730 970 dudum
751 919 839 972 antea
859 913 1029 972 defunctam
1050 919 1148 992 gratia
1168 919 1273 982 domus
1291 924 1463 1001 Antoniae,

132 1035 214 1096 quam
235 1033 272 1076 eo
293 1015 361 1091 ipso
382 1023 517 1090 tempore
538 1013 666 1072 multum
686 1013 823 1090 potuisse
845 1015 924 1092 apud
944 1017 1115 1092 Augustum
1137 1029 1263 1082 constat.
1292 1025 1341 1088 lta
1354 1027 1452 1088 Iulius

132 1117 277 1178 Antonius
292 1116 443 1176 triumviri
456 1115 536 1176 lilius
550 1115 645 1174 donee
666 1115 705 1174 ob
720 1116 953 1176 coniurationem
967 1118 1056 1194 periit
1074 1139 1101 1180 a.
1119 1120 1188 1193 tot,
1211 1124 1340 1198 primum
1354 1129 1452 1188 locum

132 1219 204 1296 apud
226 1237 293 1278 eum
313 1217 407 1276 tenuit
421 1225 492 1292 post
504 1199 662 1293 privignos
681 1235 866 1294 uxoremque
888 1217 995 1278 ducere
1014 1219 1111 1295 potuit
1129 1231 1199 1297 post
1219 1243 1246 1284 a.
1264 1225 1454 1290 terrereris

132 1320 257 1398 Augusti
282 1319 375 1378 filiam
403 1317 627 1393 Marcellam¹);
660 1318 793 1376 Antonia
824 1319 922 1378 minor
949 1338 1036 1380 soror
1064 1323 1127 1380 eius
1154 1327 1257 1402 nupsit
1282 1345 1307 1386 c.
1336 1348 1363 1388 a.
1392 1331 1451 1390 738

130 1421 228 1480 Druso
260 1419 390 1498 Augusti
423 1420 562 1496 privigno
593 1427 624 1480 et
655 1419 875 1496 quodammodo
907 1421 986 1492 filio;
1023 1420 1185 1500 Cleopatra
1221 1426 1295 1486 adeo
1332 1423 1457 1506 reginae

130 1523 258 1599 Aegypti
273 1523 412 1596 Augusto
432 1521 568 1578 infensae
583 1521 646 1580 filia
662 1520 830 1578 adulterina
844 1521 937 1580 Iubae
952 1521 1112 1582 Numidiae
1125 1526 1206 1602 regis
1221 1527 1283 1586 tilio
1305 1531 1336 1588 in
1351 1534 1454 1591 matri·
1556 1531 1559 1538 '

130 1623 256 1682 monium
278 1623 349 1680 data
370 1631 399 1680 et
420 1623 487 1696 ipsa
512 1622 627 1697 regium
648 1623 793 1680 honorem
815 1623 924 1698 adepta
944 1631 1000 1681 est.
1044 1624 1160 1685 Horum
1182 1649 1243 1688 non
1265 1631 1389 1706 ignarus
1409 1633 1453 1692 in-

130 1724 254 1800 telleget,
277 1741 329 1781 our
350 1722 429 1781 alius
452 1723 563 1782 sororis
581 1722 692 1781 dudum
714 1722 871 1782 defunctae
891 1724 956 1782 lilia
968 1725 1087 1783 Asiana
1107 1727 1147 1785 ad
1167 1729 1283 1807 regium
1303 1733 1403 1792 locum
1424 1745 1455 1793 et

130 1827 193 1901 ipsa
205 1825 376 1902 pervenerit
390 1829 419 1882 et
433 1823 547 1899 posteri
562 1843 615 1882 eur
629 1823 807 1884 celebrarint
820 1835 946 1884 matrem
961 1827 1025 1886 eius
1039 1829 1204 1888 Antoniam
1218 1825 1267 1902 τὴν
1282 1825 1453 1917 εὕεργέτιὸοι.
1510 1837 1513 1844 “

209 1922 365 2001 Superest,
393 1932 427 1982 ut
452 1943 549 2002 pauca
575 1925 739 1984 adiciamus
770 1927 806 1985 de
831 1928 961 2003 posteris
981 1927 1195 2005 Pythodoridis
1221 1939 1252 1991 et
1270 1933 1455 2010 Polemonis,

129 2026 257 2098 maxime
279 2027 315 2086 de
336 2027 386 2098 iis,
409 2027 460 2101 qui
480 2027 575 2085 Marci
597 2026 723 2084 Antonii
750 2026 899 2088 dicuntur.
941 2028 989 2088 Ea
1010 2029 1133 2089 uomina*
1154 2033 1251 2092 adhuc
1273 2035 1454 2097 credidimus

128 2127 317 2205 proficiscia
337 2127 457 2186 civitate
478 2127 636 2186 Polemoni
656 2127 767 2186 tributa
789 2146 807 2186 a
828 2129 869 2185 M.
891 2129 1023 2188 Antonio
1045 2131 1207 2207 triumviro,
1232 2137 1346 2212 pariter
1365 2147 1455 2215 atque

128 2227 297 2308 Bosporani
328 2229 516 2305 reges'inde
542 2249 561 2286 a
587 2228 709 2287 Tiberio
742 2229 931 2305 appellantur
958 2230 1006 2288 Ti.
1035 2231 1114 2290 Iulii.
1157 2234 1200 2293 At
1228 2236 1376 2297 eiusmodi
1405 2241 1455 2300 de-

128 2330 383 2390 nominationum
406 2338 474 2402 aute
496 2329 659 2390 stabilitum
678 2330 794 2388 Romae
814 2331 972 2406 imperium
998 2334 1061 2409 regi
1083 2343 1188 2392 extero
1209 2356 1270 2396 non
1291 2339 1385 2398 infimi
1407 2362 1455 2400 or-

129 2432 205 2490 dinis
218 2431 293 2490 satis
307 2432 475 2502 conveniat,
489 2431 617 2490 dubitari
631 2438 743 2508 potest;
758 2431 848 2490 hodie
862 2451 933 2491 vero
947 2441 1106 2510 postquam
1125 2439 1266 2514 apparuit
1280 2440 1454 2502 Polemonis

126 2533 237 2594 liberos
259 2537 298 2592 ex
320 2532 525 2609 Pythodoride
552 2541 639 2590 natos
660 2531 846 2595 descendere¹
863 2553 901 2592 ex
922 2535 1070 2607 Antonia,
1096 2557 1184 2595 nemo
1206 2540 1313 2615 opinor
1334 2546 1456 2620 negabit

127 2635 249 2694 nomina
279 2634 333 2692 illa
364 2652 423 2692 non
450 2653 469 2691 a
494 2634 615 2692 civitate
642 2634 806 2709 proficisci,
834 2635 887 2692 sed
915 2655 934 2693 a
962 2637 1065 2714 stirpis
1086 2639 1220 2717 principe
1241 2644 1277 2718 τῇ
1302 2635 1455 2725 εὐεργέτιδι

125 2727 269 2808 Ἀντωνίᾳ.
312 2735 349 2794 Id
371 2735 398 2794 si
420 2737 463 2794 ita
483 2745 543 2808 est,
566 2735 735 2794 Zenonides
760 2735 783 2792 ii
807 2735 858 2811 qui
879 2735 1018 2796 dicuntur
1038 2739 1080 2797 M.
1102 2741 1227 2800 Antonii
1249 2761 1309 2801 non
1329 2757 1457 2820 possunt

127 2837 230 2914 quaeri
251 2837 312 2896 nisi
332 2837 409 2894 inter
429 2845 565 2913 posteros
586 2834 812 2914 Pythodoridis.
841 2834 934 2898 Ι8111
955 2838 1079 2898 Polemo
1095 2841 1311 2918 Pythodoridis
1333 2848 1457 2908 maritus

127 2941 305 3014 ubicumque
326 2945 507 2997 memoratur
529 2945 559 2996 et
579 2938 659 3014 apud
674 2945 810 2996 auctores
831 2947 861 2996 et
876 2925 908 2996 in
923 2941 1052 2999 nummis
1066 2941 1231 3019 titulisque,
1254 2946 1336 3004 aliud
1350 2966 1458 3008 nomeu

128 3059 187 3099 non
216 3037 349 3098 adsumit
375 3039 434 3098 nisi
461 3041 492 3098 iu
520 3039 649 3098 nummis
677 3039 741 3098 suis
767 3030 929 3104 Εὐσεβοῦς.
973 3037 1074 3100 Etiam
1100 3043 1187 3103 liberi
1215 3046 1279 3105 eius
1305 3048 1337 3106 in
1367 3049 1460 3108 docu-

128 3143 236 3202 mentis
258 3142 347 3202 certis
368 3141 488 3200 nomine
502 3140 639 3199 Romano
662 3139 827 3212 abstinent3
848 3141 976 3218 denique
998 3142 1121 3204 ultimus
1141 3163 1197 3204 rex
1213 3147 1304 3207 Ponti
1321 3147 1459 3224 Polemo,

129 3263 217 3322 quem
243 3242 458 3320 Pythodoridis
484 3249 622 3320 nepotem
648 3241 749 3318 potius
776 3259 867 3318 quam
892 3241 988 3299 filium
1013 3243 1109 3302 fuisse
1130 3245 1382 3325 Waddingtonius
1408 3252 1459 3310 do-

128 3347 199 3420 cuit,
221 3346 253 3404 in
274 3345 403 3404 nummis
425 3345 482 3403 hoc
504 3344 602 3402 solum
623 3361 731 3400 nomen
753 3343 862 3418 posuit.
899 3343 939 3401 M.
962 3344 1089 3403 Antonii
1110 3347 1159 3404 vel
1181 3356 1260 3405 certe
1281 3352 1407 3410 Antonii
1428 3355 1460 3412 in

128 3449 185 3506 hac
210 3447 326 3508 familia
352 3446 403 3522 qui
431 3445 569 3504 dicuutur
596 3452 659 3503 tres
686 3451 770 3516 sunt,
799 3444 914 3522 primus
942 3445 1027 3502 euius
1054 3455 1159 3504 extant
1188 3452 1302 3507 nummi
1339 3453 1383 3510 sic
1414 3453 1460 3512 in-

129 3549 248 3628 scripti:
281 3553 320 3608 Μ.
341 3539 489 3604 Ἀντωνίου
518 3536 682 3613 Πολέμωνος
714 3535 870 3627 ἀρχιερέως
901 3535 1044 3602 δυνάστου
1068 3538 1202 3612 Ὀλβέων
1231 3542 1283 3618 vir
1310 3551 1386 3634 ἱερᾶς
1411 3545 1460 3612 ucri

128 3651 279 3710 Κεννοιτῶν
300 3638 348 3706 καὶ
362 3637 539 3705 Λαλασσὲων
560 3637 668 3724 ἔθους)
690 3635 708 3702 ι’
729 3645 778 3706 vel
799 3635 847 3718 ια’,
869 3646 921 3722 qui
942 3664 1002 3722 quo
1022 3655 1155 3723 tempore
1176 3650 1296 3722 vixerit,
1318 3653 1378 3728 ipsi
1400 3673 1461 3716 non

130 3746 321 3832 aperiuntl);
344 3749 450 3808 deinde
471 3749 499 3807 is
522 3748 574 3826 qui
593 3747 765 3806 nominatur
782 3748 814 3808 in
828 3731 958 3807 nummis
981 3749 1082 3824 oppidi
1098 3748 1276 3825 Laodiceae,
1298 3754 1329 3812 in
1351 3757 1465 3832 quibus,
1501 3759 1506 3770 '

129 3857 167 3914 ab
190 3873 256 3914 una.
273 3859 358 3931 parte
378 3851 488 3927 legitur
513 3843 600 3918 δῆμος
620 3839 779 3906 Λαοδικέων
805 3838 853 3906 καὶ
877 3842 1047 3932 Ζμυρνοοῖων,
1079 3852 1117 3909 ab
1145 3853 1241 3911 altera
1266 3844 1309 3910 ini
1342 3848 1460 3939 ἱε(ρε’ως)

129 3957 198 4034 [Μ.]
208 3945 358 4014 Ἀντωνίου
374 3942 564 4028 Πο(λε’μωνος)
579 3947 642 4008 droti
654 3939 779 4021 Ζήνωνος
792 3943 822 4008 ri
839 3940 874 4024 δ’,
887 3949 1138 4028 similibusque,³)
1154 3971 1231 4030 quos
1246 3957 1402 4033 probabile
1416 3969 1463 4018 est

126 4076 219 4120 cusos
240 4074 310 4117 esso
331 4037 546 4134 imperantibus
570 4049 697 4111 Claudio
725 4059 755 4109 et
775 4051 909 4124 Nerone3
938 4053 1042 4112 tertius
1073 4055 1210 4130 sophista
1230 4057 1381 4118 Antonius
1402 4059 1462 4118 Po·

127 4223 338 4238 m

208 4346 234 4410 ¹)
253 4343 386 4398 Plutarch.
404 4344 504 4395 Anton.
524 4343 567 4394 st.
740 4399 744 4406 ἱ

208 4436 235 4501 ²)
253 4436 433 4502 Waddington
451 4437 469 4485 l.
489 4451 510 4485 o.
530 4451 556 4499 p.
578 4433 629 4484 121
650 4446 693 4483 eos
712 4431 791 4482 refert
810 4431 844 4482 ad
863 4447 887 4482 a.
909 4434 970 4483 724.
991 4434 1057 4496 ⁷253
1077 4434 1123 4483 sed
1141 4443 1244 4500 praeter
1261 4436 1290 4486 id
1302 4437 1372 4502 quod
1385 4454 1463 4503 supra

126 4531 327 4582 observavimus
346 4543 377 4578 ea
396 4533 479 4578 aetate
497 4527 597 4576 nullum
616 4523 701 4574 adhuc
720 4538 775 4574 esse
793 4524 907 4589 potuisse
925 4525 964 4576 Μ.
982 4526 1127 4575 Antonium
1140 4527 1317 4591 Polemonem,
1337 4530 1464 4580 eiusmodi

126 4623 259 4689 temporis
276 4621 459 4672 determinatio
476 4617 615 4670 difficulter
632 4616 785 4668 conciliatur
802 4632 860 4666 oum
878 4618 918 4678 iis,
938 4631 1004 4681 quae
1022 4617 1055 4667 de
1068 4616 1218 4670 Olbensium
1238 4619 1357 4684 dynastia
1369 4621 1463 4674 Strabo

126 4716 231 4767 scribit.
1206 4763 1208 4768 ¹

212 4803 238 4868 ³)
258 4803 438 4867 Waddingtou
455 4801 473 4851 l.
493 4817 515 4851 c.
535 4815 561 4865 p.
582 4801 643 4862 131,
664 4799 710 4866 qui·
727 4798 811 4868 eidem
830 4799 930 4850 homini
948 4799 1063 4850 attribuit
1080 4792 1199 4852 n‘ummos
1220 4802 1286 4854 alios
1303 4801 1465 4858 Laodicenos

128 4905 195 4961 tres,
215 4897 244 4948 in
263 4895 356 4962 quibus
374 4909 468 4944 nomen
487 4894 524 4943 sic
544 4888 659 4942 effertur:
680 4886 723 4940 teri
742 4886 772 4940 ie.
808 4881 919 4954 Ζήνωνος
937 4889 989 4938 Πο.
1003 4887 1038 4939 ui.
1051 4880 1081 4939 τδ
1101 4879 1123 4939 δ’
1138 4899 1164 4941 et
1174 4889 1328 4961 Πολέμωνος
1346 4892 1402 4945 olei
1414 4885 1466 4960 Ζή-

131 5004 219 5045 νωνος.
257 4988 359 5038 Horum
378 4985 429 5035 dno
448 4985 555 5036 nomina
572 4983 669 5034 habent
688 4981 791 5033 Claudii
809 4988 834 5030 et
852 4982 977 5044 Neronis,
1003 4983 1067 5032 duos
1089 4984 1202 5048 reliquos
1221 4986 1363 5039 litterarum
1381 4988 1465 5039 torma

132 5087 160 5130 et
180 5081 245 5132 artis
263 5079 420 5144 proprietate
439 5077 617 5131 Neronianum
636 5082 735 5140 tempus
753 5073 849 5124 referre
868 5073 1087 5138 Waddingtouius
1105 5075 1201 5126 scribit.
1505 5059 1508 5064 ¹
