3568 6070
329 633 399 704 190
919 641 1064 694 narizan

404 818 515 880 ‘Galba
541 827 570 878 et
590 817 680 877 Vinio
707 815 870 875 interfectis
896 816 927 873 in
953 815 1021 892 ipso
1048 812 1204 872 consulatu
1230 831 1256 870 a.
1274 811 1312 870 69
1336 811 1538 884 dielan.15,
1565 809 1638 870 Otho

323 943 391 982 curn
417 921 508 981 fratre
531 919 654 980 Titiano
680 919 711 976 in
737 917 837 976 locum
859 934 960 974 eorum
983 914 1142 986 successit,
1170 912 1224 972 sed
1245 921 1278 972 ut
1299 913 1488 972 consulatum
1512 913 1641 972 retineret

323 1031 439 1082 tantum
462 1021 500 1080 ad
521 1021 611 1079 linem
632 1019 744 1078 mensis
765 1017 932 1090 Februarii,
953 1015 985 1076 id
1006 1015 1086 1092 quod
1107 1024 1137 1074 et
1151 1013 1275 1074 Tacitus
1296 1015 1339 1072 ait
1359 1021 1389 1072 et
1410 1023 1478 1072 acta
1491 1013 1640 1072 Arvalium

324 1143 419 1200 nuper
445 1123 564 1199 egregie
586 1119 810 1191 confirmarunt,
838 1138 906 1177 cum
928 1119 958 1176 k.
981 1117 1099 1176 Martiis
1122 1116 1261 1176 consules
1284 1123 1398 1194 ponant
1419 1135 1480 1174 non
1501 1115 1572 1186 hos,
1596 1116 1642 1172 sed

323 1225 434 1283 Rufum
457 1231 488 1282 et
503 1221 677 1296 Vopiscum.
720 1221 855 1278 Inieruut
877 1226 975 1278 autem
999 1217 1135 1278 Othones
1156 1217 1264 1275 fratres
1285 1235 1346 1276 non
1367 1217 1436 1293 ipso
1459 1234 1494 1274 eo
1514 1216 1643 1291 dieque

325 1324 424 1385 Galba
450 1343 517 1383 cum
532 1321 622 1383 Vinio
649 1322 775 1394 interiit,
803 1321 857 1380 scd
878 1329 947 1396 post
967 1319 1173 1392 intervallum,
1201 1317 1318 1377 scilicet
1338 1317 1417 1376 inter
1438 1317 1502 1376 dies
1523 1317 1585 1374 Ian.
1601 1316 1644 1387 26,

324 1444 385 1502 quc
407 1425 485 1484 diem
508 1425 615 1494 solum,
637 1423 778 1482 consules
801 1421 900 1480 nullos
923 1429 990 1480 acta
1010 1420 1167 1478 Arvalium
1189 1418 1360 1490 enuntiant,
1383 1425 1414 1477 ει
1434 1419 1500 1477 Ian.
1518 1418 1570 1490 30,
1591 1437 1644 1494 quo

325 1525 437 1584 habent
458 1523 597 1583 consules
621 1522 766 1583 Othones.
808 1520 935 1580 Vacavit
955 1521 1047 1600 igitur
1069 1538 1204 1579 summus
1227 1521 1420 1598 magistratus
1443 1538 1497 1597 per
1518 1520 1579 1578 dies
1598 1539 1644 1577 uu-

325 1627 422 1686 decim
445 1625 494 1684 vel
515 1625 617 1701 paullo
639 1624 751 1700 plures.

407 1723 477 1800 ‘Qui
499 1734 709 1785 successerunt
724 1723 894 1784 Othonibus
916 1724 945 1782 d.
960 1724 1048 1782 Mart.
1067 1725 1081 1782 1
1105 1721 1141 1782 1..
1157 1722 1320 1802 Verginius
1341 1721 1441 1782 Rufus
1457 1721 1489 1779 Il
1510 1720 1545 1780 L.
1566 1721 1646 1780 Pom·

326 1827 412 1906 peius
427 1827 591 1904 Vopiscus,
613 1844 665 1886 eos
688 1827 725 1884 ab
741 1825 862 1886 Othone
885 1825 1057 1902 designatos
1080 1841 1147 1884 esse
1160 1824 1286 1884 Tacitus
1309 1823 1423 1896 scribit,
1446 1821 1558 1883 addens
1578 1832 1645 1882 cete-

327 1947 377 1989 ros
403 1929 543 1987 consules
569 1927 720 1986 mansisse
746 1947 785 1985 ex
810 1927 1010 1986 destinatione
1030 1925 1165 2004 priorum
1186 1927 1408 2001 imperatorum.
1451 1923 1550 1982 Etiam
1570 1943 1646 1982 accu-

326 2029 421 2089 ratius
450 2030 493 2088 ait
512 2029 694 2088 Plutarchus
717 2026 788 2087 Oth.
813 2031 842 2086 l:
871 2014 901 2084 iv
927 2015 976 2096 aiv
1000 2019 1088 2087 τιν’τός
1109 2025 1219 2102 (Otho)
1247 2014 1398 2084 ὑπατεύειν
1419 2014 1524 2108 χρένον
1544 2012 1646 2094 ipsius,

327 2121 426 2188 τούτου
449 2121 528 2214 pipat
548 2120 650 2196 ἔνειμεν
672 2121 825 2210 Οὐεργινίῳ
846 2118 969 2206 Ῥούφῳ.
1013 2129 1142 2186 Rosimt'
1162 2146 1284 2198 menaea,
1307 2144 1384 2204 quos
1408 2125 1558 2186 Othonem
1578 2126 1647 2184 Rufo

328 2240 358 2290 et
380 2229 513 2307 Vopisco
535 2230 735 2288 destinavisse
757 2231 835 2288 idem
858 2229 983 2288 Tacitus
1005 2238 1110 2288 auctor
1132 2237 1189 2299 εει,
1209 2229 1337 2287 Martius
1360 2237 1390 2286 ει
1411 2227 1528 2305 Aprilis
1549 2227 1648 2286 fuerint

327 2349 450 2390 necesse
473 2339 532 2403 est,
559 2350 627 2389 cum
648 2331 824 2407 praesertim
847 2331 940 2390 addat
960 2331 1000 2390 iis
1023 2331 1208 2390 successisse
1229 2329 1368 2388 consules
1392 2327 1522 2390 Sabinos
1544 2335 1647 2388 creatos

327 2433 359 2491 in
380 2433 410 2490 k.
432 2431 536 2503 Iulias,
557 2432 588 2490 id
610 2432 727 2509 estqui
749 2449 942 2508 permenses
964 2432 1078 2490 Maium
1099 2439 1130 2492 et
1149 2430 1271 2490 Iunium
1291 2430 1391 2490 fasces
1413 2440 1560 2508 gererent.
1594 2428 1647 2488 Do·

328 2543 453 2592 cuerunt
473 2539 573 2592 tamen
595 2540 662 2591 acta
674 2533 833 2592 Arvalium
848 2531 977 2592 Sabinos
998 2533 1103 2597 fasces,
1121 2533 1182 2592 iam
1197 2533 1331 2592 tenuisse
1348 2532 1377 2591 d.
1393 2533 1471 2608 Apr.
1488 2533 1542 2604 303
1564 2549 1648 2606 neque

328 2634 359 2692 id
387 2633 503 2692 ratione
531 2641 621 2692 caret.
664 2633 745 2694 Nam
774 2634 890 2693 devicto
913 2633 1033 2694 Othone
1059 2641 1089 2692 et
1114 2633 1271 2693 interfecto
1300 2633 1327 2692 d.
1358 2653 1383 2694 o.
1407 2634 1484 2710 Apr.
1507 2631 1543 2690 16
1564 2631 1649 2690 Rufus

329 2733 530 2809 expeditionis
553 2751 653 2792 comes
675 2743 705 2794 ει
725 2737 809 2812 regni
831 2735 1052 2812 quodammodo
1074 2734 1229 2794 affectator
1249 2735 1362 2794 invitus
1383 2735 1486 2794 statim
1501 2735 1593 2794 fasces
1607 2733 1648 2790 des

329 2835 464 2908 posuerit
484 2852 607 2892 necesse
629 2844 675 2892 est
696 2835 821 2911 eiusque
842 2837 1015 2912 exemplum
1037 2835 1183 2914 collegam
1206 2844 1342 2896 secutum
1363 2855 1430 2896 esse
1454 2836 1613 2912 probabile.

412 2929 544 2991 ‘Praeter
564 2935 650 3011 paria
671 2955 707 2994 ea
728 2936 797 3006 duo,
819 2937 855 2994 dc
877 2937 984 3013 quibus
1006 2936 1148 3009 diximus,
1170 2936 1202 2995 in
1219 2939 1298 2995 hunc
1313 2957 1423 2996 armum
1439 2937 1579 2996 consules
1594 2935 1649 2993 uul-

329 3033 376 3091 los
398 3033 570 3109 designatos
594 3053 658 3094 esse
680 3037 718 3094 ab
734 3036 854 3097 Othone
876 3047 1014 3096 auctores
1036 3038 1145 3097 diserte
1167 3038 1319 3097 affirmant
1339 3038 1523 3097 Plutarchus
1539 3037 1606 3098 Oth.
1622 3039 1648 3094 l:

331 3120 361 3188 tv
382 3121 430 3202 pio
452 3128 537 3194 asiais
551 3128 701 3194 ὑπατεύειν
716 3131 819 3219 χρόνον
836 3126 950 3208 ἤμελλε,
971 3128 1071 3195 τούτου
1087 3129 1166 3222 μέρος
1179 3129 1279 3207 ἔνειμεν
1301 3131 1454 3222 Οὐεργινῖῳ
1470 3131 1583 3215 Petimus,
1601 3138 1650 3196 τοῖς

332 3223 363 3292 δὲ
382 3227 627 3310 ἀποδεδειγμένοις
646 3233 699 3294 ὑπο
716 3227 835 3320 Νέρωνος
854 3228 995 3309 ἢΓιὲλβιι
1016 3228 1105 3296 aduro
1126 3231 1241 3322 ἔτῆρηεε
1262 3234 1315 3300 τὰς
1336 3231 1473 3302 ὑπατείας
1494 3248 1524 3300 et
1537 3241 1649 3300 Tacitus

331 3333 403 3392 hist.
421 3335 447 3404 1,
464 3335 512 3392 77:
535 3337 635 3394 consul
655 3357 716 3397 oum
733 3339 843 3399 Τιἰιοιιο
858 3343 956 3418 fratrc
978 3344 1008 3398 οἰι
1026 3341 1053 3399 1ο.
1070 3341 1198 3400 Martias
1210 3345 1288 3417 ipse.-
1306 3346 1454 3418 prosimos
1470 3361 1574 3402 menses
1590 3341 1648 3400 Ver·

331 3437 410 3512 pinio
431 3437 558 3494 destinat
653 3441 781 3514 iungitur
797 3442 933 3516 Verginio
947 3442 1100 3518 Pompeias
1118 3442 1258 3518 Vopiscus
1342 3447 1425 3502 οειενι·
1446 3445 1608 3503 consalutat
1622 3461 1650 3500 ον
1670 3450 1672 3457 ’

332 3535 518 3594 destinatione
540 3537 664 3598 Neronis
689 3551 739 3600 out
764 3541 875 3602 Guttae
894 3561 1036 3617 mansere,
1063 3542 1160 3602 Caelio
1182 3561 1217 3602 ac
1237 3543 1343 3602 Flavio
1366 3543 1486 3604 Sabinis
1508 3549 1538 3603 in
1558 3545 1650 3612 [utica

332 3634 422 3694 Arrio
437 3635 582 3696 Antonino
596 3650 622 3698 et
636 3639 735 3700 Marto
752 3641 832 3702 Celso
855 3643 905 3719 (ol.
923 3645 993 3704 hist.
1012 3647 1039 3718 l,
1056 3645 1107 3721 14)
1130 3648 1161 3703 in
1177 3643 1363 3722 Septentres,
1377 3665 1498 3722 quorum
1512 3647 1650 3706 tenentos

332 3754 368 3794 ne
384 3736 516 3796 Vitellius
538 3741 649 3813 quidem
669 3745 758 3801 οἰοιον
778 3747 944 3803 intercessit.
980 3745 1069 3805 Unde
1090 3745 1217 3822 primum
1239 3747 1391 3823 colligitur
1405 3745 1536 3807 Galbam
1557 3746 1651 3806 sibiet

333 3835 422 3894 Vinio
436 3837 534 3896 fasces
550 3839 670 3900 dedisse
684 3843 715 3900 in
730 3843 895 3903 nundinum
910 3847 1127 3921 quadrimestre
1132 3867 1141 3920 3
1161 3867 1229 3906 nam
1244 3849 1301 3906 hoc
1316 3848 1400 3906 aiunt
1414 3829 1551 3908 auctores
1566 3848 1650 3908 Otho·

333 3955 401 3994 nem
423 3938 499 3996 nibil
520 3958 659 4014 novasse,
681 3951 796 4002 tantum
817 3945 981 4006 interfectis
1002 3949 1176 4007 consulibus
1199 3949 1274 4008 ulios
1296 3951 1452 4008 suffecisse
1473 3956 1651 4026 suumqueet

333 4037 435 4097 fratris
459 4039 636 4116 dignitatem
662 4045 850 4105 consularem
878 4055 1039 4107 coartasse.
1082 4049 1229 4108 Proxima
1250 4051 1308 4109 duo
1329 4051 1463 4110 nundina
1482 4061 1553 4130 post
1573 4069 1650 4110 suum

335 4135 466 4198 Galbam
483 4140 603 4202 dedisse
624 4143 779 4204 bimestris
794 4144 918 4208 Tacitus
940 4147 1050 4208 diserte
1072 4150 1122 4236 ait,
1159 4150 1207 4212 De
1222 4161 1362 4228 quattuor
1376 4153 1532 4212 mensibus
1547 4161 1651 4230 postre-

333 4238 390 4298 mis
417 4240 489 4316 quid
511 4241 538 4300 is
566 4247 718 4319 statuerit,
745 4265 806 4306 non
828 4250 975 4322 enuntiat,
1002 4251 1162 4326 possisque
1184 4251 1276 4334 verba
1296 4253 1425 4312 auctoris
1446 4253 1491 4312 ita
1511 4255 1650 4330 explicare

337 4337 466 4400 Galbam
494 4345 671 4405 consulatus
696 4365 756 4408 non
778 4348 899 4408 dedisse
919 4351 980 4411 nisi
1000 4351 1038 4408 ad
1059 4351 1137 4430 prid.
1158 4351 1189 4410 k.
1213 4349 1295 4428 Sept.
1338 4355 1380 4412 At
1401 4373 1466 4413 eam
1487 4355 1652 4432 interpreta-

334 4441 447 4502 tionem
475 4443 541 4520 ipse
568 4445 693 4509 Tacitus
719 4449 830 4508 refutat
856 4451 915 4510 alio
941 4451 1009 4511 loco
1037 4451 1070 4523 2,
1091 4451 1127 4510 71
1158 4453 1311 4512 consulem
1338 4455 1496 4514 nominans
1522 4457 1553 4514 in
1580 4457 1654 4513 huno

334 4557 445 4602 annum
467 4544 648 4634 destinatum
670 4569 689 4608 a
704 4547 804 4609 Galba
818 4551 973 4612 Valerium
987 4553 1146 4612 Marinum.
1182 4552 1282 4613 Etiam
1303 4555 1355 4613 alii
1377 4557 1435 4614 duo
1458 4557 1546 4616 simul
1567 4555 1649 4615 nomi·

334 4642 397 4701 nati
418 4644 550 4706 Marcius
571 4649 674 4709 Macer
695 4659 725 4710 et
745 4651 898 4712 Pedanius
921 4651 1016 4714 Costa
1042 4653 1212 4732 pariterque
1238 4665 1328 4732 atque
1350 4655 1484 4716 Marinus
1507 4656 1649 4717 aVitellio

334 4742 448 4803 honore
468 4745 568 4806 futuro
590 4751 699 4826 privati
720 4751 797 4810 inter
819 4755 958 4814 consules
979 4749 1090 4814 fuerint
1110 4773 1232 4815 necesse
1254 4765 1301 4814 est
1316 4776 1335 4815 a
1350 4755 1450 4817 Galba
1463 4765 1515 4817 ant
1528 4765 1649 4817 retentos

336 4849 390 4898 aut
414 4843 527 4914 factem
552 4867 620 4906 nam
643 4847 793 4926 Othonem
815 4874 834 4913 a
855 4855 1027 4916 consulibus
1049 4858 1185 4917 creandis
1206 4858 1389 4917 abstinuisse
1410 4860 1498 4918 modo
1520 4859 1648 4918 vidimus.

334 4939 474 5016 Denique
489 4942 525 5004 O.
542 4944 697 5020 Quinctius
713 4955 845 5028 Atticus,
867 4957 918 5032 qui
940 4956 1039 5017 fasces
1062 4958 1158 5038 gessit
1179 4958 1270 5018 huius
1292 4959 1362 5018 anni
1383 4957 1647 5026 menseDecembri

334 5039 474 5114 (Tlssllus
498 5045 530 5117 3,
547 5047 584 5106 73
598 5049 692 5128 seq.),
720 5054 883 5118 credendus
911 5067 957 5117 est
983 5065 1014 5118 et
1037 5061 1104 5136 ipse
1127 5060 1297 5120 nominatus
1320 5077 1386 5120 esse
1407 5081 1426 5120 a
1448 5059 1560 5132 Galba,
1585 5077 1647 5117 nam

334 5140 361 5198 si
382 5141 524 5204 Vitellius
545 5166 612 5207 eum
634 5164 766 5214 creasset
786 5156 816 5216 in
838 5159 937 5218 locum
960 5159 1037 5218 alius
1059 5161 1205 5240 designati
1227 5179 1246 5218 a
1268 5158 1376 5234 Galba,
1400 5162 1464 5222 sine
1485 5162 1574 5221 dubio
1595 5158 1645 5218 Ta-

333 5241 409 5307 citus
438 5263 505 5304 eum
534 5251 629 5311 tribus
655 5253 776 5332 reliquis
799 5257 954 5320 aVitellio
978 5261 1063 5324 factis
1086 5261 1283 5324 adiunxisset.
1327 5261 1385 5323 His
1406 5263 1511 5341 positis
1534 5267 1645 5340 apparet
