3620 6080
604 625 653 675 nn
678 626 823 679 r1rvu1s
849 628 1004 680 arrrers.
1388 579 1461 684 24'9

137 794 201 852 eius
228 800 347 872 tempus
374 795 542 854 accuratius
568 794 740 868 definiatur,
768 799 872 872 paucis
901 798 1082 858 monendum
1109 809 1168 871 est,
1195 818 1215 857 a
1238 801 1406 878 Borghesio
1432 801 1464 859 in

137 895 343 972 disputatione
369 895 407 953 de
427 895 579 954 Iuvenalis
605 904 712 971 poetas
737 904 834 955 aetate
857 896 951 972 (Opp.
974 897 1003 956 V
1023 919 1053 974 p.
1076 900 1203 976 49sqq.)
1228 900 1464 960 demonstratum

137 1012 204 1055 esse
226 995 380 1054 Aemilium
400 997 520 1054 luscum
541 1003 571 1055 et
590 996 698 1055 Iulium
719 997 854 1056 Seuerum
875 999 1029 1071 consules,
1058 999 1097 1056 ad
1123 1018 1250 1074 quorum
1277 1021 1388 1060 annum
1409 1000 1464 1059 Ul-

136 1097 245 1173 pianus
268 1095 352 1172 (Dig.
367 1095 437 1168 XL,
456 1096 492 1170 V,
514 1096 590 1154 tus
611 1095 676 1173 54)
698 1104 821 1156 senatus
843 1099 1012 1156 consultum
1027 1099 1203 1158 Iuncianum
1225 1101 1343 1174 referat,
1365 1101 1464 1160 fasces

137 1196 273 1273 gessisse
294 1197 408 1255 ultimis
430 1197 582 1256 mensibus
604 1197 674 1254 anni
699 1196 756 1256 127
778 1206 809 1274 p.
833 1196 905 1256 chr.
929 1199 1004 1274 (880
1026 1219 1055 1256 u.
1078 1197 1129 1274 c).
1174 1198 1298 1260 Scilicet
1317 1203 1350 1259 in
1370 1203 1464 1277 diplo-

136 1306 217 1355 mate
238 1297 362 1356 militari
382 1297 471 1355 tertio
487 1297 599 1355 mensis
614 1297 754 1356 Octobris
776 1299 834 1369 die,
856 1317 921 1358 cum
936 1298 1110 1358 Hadrianus
1132 1299 1294 1378 imperator
1307 1301 1467 1360 tribunicia

134 1404 285 1474 potestate
305 1397 352 1456 XI
372 1405 453 1456 esset
474 1397 509 1474 (i.
530 1416 555 1455 e.
581 1397 639 1456 127
661 1415 690 1473 p.
714 1396 799 1475 Chr.)
821 1400 988 1476 composito
1010 1400 1057 1458 bis
1078 1400 1246 1477 perscripta
1266 1409 1338 1460 sunt
1358 1420 1466 1462 consu·

135 1496 198 1555 lum
224 1497 360 1568 nomina3
387 1505 514 1572 utroque
540 1498 607 1555 loco
635 1498 795 1557 admodum
826 1500 962 1558 mutilata
992 1507 1076 1572 sunt,
1104 1500 1156 1560 sed
1182 1501 1368 1578 Borghesius
1396 1521 1465 1579 gra·

136 1596 280 1656 vissimis-
299 1600 483 1676 argumentis
514 1597 612 1656 effecit
640 1615 666 1656 ι.
693 1614 820 1658 ausimo
849 1615 946 1658 rvuco
974 1615 1036 1658 sax.
1068 1617 1152 1660 rvuro
1179 1615 1295 1659 sevsno
1322 1604 1466 1679 scriptum

135 1696 241 1755 fuisse.
277 1697 328 1756 Ad
342 1699 420 1782 hunc
434 1715 544 1756 annum
559 1698 651 1774 igitur
669 1699 760 1756 etiam
774 1699 927 1758 Iuvenalis
942 1700 1042 1758 locum
1056 1700 1128 1772 XV,
1145 1701 1183 1760 27
1208 1705 1341 1777 ,consule
1355 1704 1464 1762 qucc“
1493 1707 1500 1720 '

136 1796 325 1856 referendum
347 1815 424 1856 esse.
457 1798 517 1856 Hic
538 1806 636 1857 autem
652 1799 725 1875 quin
739 1799 817 1858 idem
832 1801 921 1858 fuerit
935 1819 1002 1858 cum
1021 1801 1074 1858 illo
1089 1801 1140 1876 qui
1161 1803 1193 1860 in
1207 1804 1323 1863 Achaia
1343 1824 1466 1864 munere

136 1898 228 1974 legati
249 1899 427 1958 correctoris
448 1899 570 1957 functus
592 1908 647 1970 est,
672 1918 769 1975 neque
790 1900 975 1976 Borghesius
998 1901 1146 1959 dubitavit
1167 1921 1263 1978 neque
1286 1923 1466 1981 quemquam

135 1997 229 2056 alium
249 1998 452 2057 dubitaturum
472 2006 556 2076 puto.
599 1999 664 2058 Iam
692 2001 719 2059 si
746 2000 869 2059 definire
893 2001 1030 2060 volemus
1057 2019 1116 2076 quo
1139 1989 1274 2080 tempore
1296 2024 1361 2062 eam
1382 2005 1464 2082 lega·

135 2099 247 2158 tionem
274 2099 454 2175 susceperit,
480 2100 683 2176 quaerendum
709 2108 770 2172 est,
797 2107 896 2158 utrum
922 2107 992 2160 ants
1018 2103 1206 2184 consulatum
1228 2123 1265 2162 ca
1285 2105 1405 2164 functus
1428 2106 1467 2164 sit

135 2217 174 2258 an
195 2207 312 2276 postea.
355 2201 456 2276 Atque
482 2219 549 2258 cum
576 2199 736 2259 viderimus
762 2209 881 2276 praeter
906 2221 974 2259 eum
999 2202 1097 2277 ipsum
1120 2187 1366 2264 sexinnotuisse
1388 2206 1465 2264 eius-

134 2299 217 2358 modi
237 2300 356 2377 legatos
378 2309 560 2360 correctores
578 2301 741 2360 liberarum
763 2284 937 2374 civitatium,
960 2302 999 2360 ad
1019 2302 1051 2360 id
1073 2303 1285 2364 attendendum
1307 2315 1363 2376 est,
1384 2307 1466 2382 quod

135 2421 175 2460 ex
196 2401 245 2459 his
267 2401 288 2458 ii
310 2401 370 2460 duo
391 2402 445 2476 qui
461 2401 599 2477 ¹Traiano
621 2410 651 2460 et
671 2400 828 2459 Hadriano
850 2401 1081 2478 imperatoribus
1103 2403 1234 2477 fuerunt,
1264 2405 1411 2465 Maximus
1435 2413 1465 2464 et

135 2501 315 2562 Pactumeius
345 2501 487 2574 Clemens,
520 2521 557 2560 eo
589 2507 712 2561 munere
743 2510 812 2560 ante
845 2503 1033 2560 consulatum
1061 2499 1194 2580 functi¹)
1222 2512 1302 2563 sunt.
1351 2504 1466 2564 Contra

135 2609 277 2677 quattuor
307 2603 355 2660 illi
385 2601 567 2661 recentiores
599 2603 652 2678 qui
679 2602 740 2660 iam
772 2602 950 2660 correctoris
982 2602 1102 2661 nomine
1128 2611 1252 2662 utuntur
1278 2623 1466 2682 quorumque

134 2721 223 2762 nemo
245 2701 412 2762 Commodo
434 2703 585 2779 antiquior
606 2711 653 2761 est
674 2702 833 2778 (Egnatius
848 2701 1002 2776 Proculus,
1020 2701 1059 2761 L.
1075 2703 1218 2779 Epuatr‘us
1239 2705 1337 2764 Victor
1350 2706 1466 2764 Lollia-

135 2823 203 2874 uus,
234 2804 278 2863 Ti.
303 2803 444 2864 Claudius
472 2803 674 2880 Callippiauus
696 2803 834 2873 Italicus,
866 2803 915 2862 Cu.
948 2801 1086 2862 Claudius
1112 2803 1281 2880 Leonticua)
1308 2805 1347 2863 ad
1374 2825 1465 2864 unum

135 2921 240 2964 omnes
261 2905 294 2962 in
313 2904 410 2962 titulis
426 2897 561 2960 ὑπατικοί
572 2913 724 2962 vocantur.
761 2900 865 2976 Quare
878 2902 952 2978 quiir
972 2921 1009 2961 ea
1027 2921 1076 2962 res
1090 2904 1313 2963 Antoninorum
1333 2911 1467 2982 tempore

135 3004 275 3064 inuntata
301 3004 356 3076 sit,
382 3005 506 3064 dubium
531 3022 593 3063 non
617 3012 674 3063 est.
723 3003 789 3062 Imo
819 3003 909 3062 etiam
940 3021 993 3062 cur
1017 3003 1103 3061 initio
1124 3005 1268 3079 praetorii
1293 3005 1377 3064 missi
1398 3007 1468 3078 sint,

135 3104 283 3180 explicari
303 3122 394 3180 posse
420 3105 494 3164 mihi
520 3105 647 3164 videtur.
691 3102 768 3163 Gum
790 3105 870 3162 enim
891 3121 940 3162 res
966 3104 1033 3179 ipsa
1052 3105 1142 3180 plane
1163 3123 1243 3162 nova
1263 3111 1355 3180 atque
1374 3107 1466 3165 inusi·
1538 3097 1544 3105 ⁸

135 3213 200 3264 tata
220 3213 314 3278 esset,
341 3207 372 3264 in
393 3206 549 3282 provincia
575 3204 726 3263 senatoria
746 3212 864 3280 praeter
884 3203 1097 3279 proconsulem
1118 3203 1308 3278 imperatoris
1330 3205 1465 3282 legatum

135 3307 241 3366 eadem
262 3320 353 3382 atque
378 3306 464 3384 illum
490 3311 639 3381 potestate
664 3303 779 3380 esaei),
804 3307 1000 3380 imperatores
1022 3302 1054 3358 id
1075 3308 1155 3360 certe
1176 3303 1295 3361 cavisse
1317 3305 1464 3378 videntur,
1572 3341 1577 3350 -

134 3427 174 3468 ne
186 3407 361 3484 dignitatem
376 3416 498 3466 senatus
513 3407 603 3466 nimis
617 3405 824 3477 inminuerunt,
841 3403 867 3461 si
881 3402 1031 3459 hominem
1045 3401 1235 3460 consularem
1250 3421 1286 3460 eo
1301 3405 1462 3478 mitterent,

134 3527 203 3569 cum
224 3508 390 3586 proconsul
403 3506 537 3565 Achaiae
557 3524 618 3564 non
639 3513 720 3564 esset
739 3505 798 3562 nisi
818 3501 995 3579 praetorius.
1027 3499 1140 3559 Postea
1154 3509 1262 3574 autem,
1283 3520 1375 3578 quum
1388 3504 1465 3562 illud

133 3625 245 3668 munus
267 3607 408 3667 desiisset
427 3625 538 3666 novum
559 3606 819 3684 atque—insuetum
841 3619 922 3673 esse,
948 3601 1144 3675 imperatores
1166 3603 1231 3662 eius
1252 3603 1297 3662 rei
1316 3605 1464 3662 rationem

133 3728 195 3769 non
217 3708 348 3785 amplius
369 3707 537 3766 habendam
557 3707 712 3782 putabant.
756 3701 817 3764 Sed
839 3709 997 3776 utcumque
1018 3701 1074 3758 hoc
1096 3702 1248 3775 sehabet,
1277 3721 1317 3761 ex
1337 3703 1465 3764 Maximi

134 3817 165 3870 et
178 3809 336 3870 Pactumei
350 3806 515 3868 Clementis
537 3805 684 3883 exemplis
704 3805 769 3863 iure
783 3803 924 3878 colligere
942 3801 1022 3874 licet,
1044 3801 1134 3860 etiam
1148 3801 1274 3861 Iuncum
1288 3809 1464 3878 praetorium

133 3912 167 3970 in
187 3911 336 3969 Achaiam
356 3911 483 3968 missum
505 3907 623 3982 esse³),
649 3906 692 3964 ita
715 3912 828 3963 utnon
849 3910 919 3978 post
939 3919 1048 3959 annum
1072 3899 1130 3959 126
1152 3923 1181 3979 p.
1205 3901 1291 3975 Chr,
1321 3905 1372 3980 qui
1394 3923 1461 3964 con·

134 4011 267 4070 sulatum
288 4011 465 4081 antecessit,
492 4008 597 4066 titulus
618 4015 744 4081 uterque
764 4011 794 4062 et
813 4003 933 4062 Atticus
955 4011 984 4060 et
1005 4000 1171 4079 Spartanus
1192 4005 1376 4080 compositus
1397 4023 1462 4066 esse

132 4113 242 4188 possit.
275 4108 366 4184 Quod
386 4109 465 4169 haud
486 4109 571 4185 parvi
585 4105 728 4166 momenti
748 4113 796 4163 est
816 4110 939 4180 propter
952 4103 1156 4180 quaestionem
1179 4103 1216 4162 de
1237 4111 1345 4163 senatu
1358 4106 1461 4165 Attico

133 4213 365 4290 quingentorum
386 4218 416 4269 et
436 4216 655 4268 sexcentorum.

211 4495 235 4557 ¹)
257 4491 395 4544 Maximum
418 4491 576 4556 praetorium
602 4489 683 4539 fuisse
710 4503 767 4538 cum
794 4489 822 4538 in
845 4486 984 4540 Graeciam
1008 4487 1152 4538 mitteretur
1176 4487 1354 4538 demonstrant
1379 4488 1459 4539 Plinii

133 4587 214 4638 rerba
238 4586 264 4646 8,
290 4585 335 4645 24,
356 4585 385 4632 ἵε
417 4587 506 4632 acuat
528 4587 550 4632 te
574 4587 722 4646 quaesturae
741 4585 799 4630 tuae
809 4577 887 4644 famu
905 4594 979 4644 quam
1002 4593 1033 4628 eu
1050 4576 1175 4644 Bithynia
1193 4568 1308 4644 optimam
1331 4579 1457 4640 restricti,

133 4682 224 4730 onerat
234 4671 381 4733 tribunatus,
399 4678 524 4739 praetura
536 4678 610 4738 atque
623 4669 684 4721 laec
702 4671 760 4736 ipsa
773 4669 867 4736 lequteb
880 4669 955 4736 quasi
970 4669 1107 4736 praeruum
1126 4667 1196 4718 datu.
1228 4666 1387 4718 Pactumeius
1404 4666 1457 4719 Ole-

132 4783 208 4830 meus,
232 4767 255 4816 si
274 4765 394 4815 ordinem
411 4777 547 4814 munerum
564 4763 593 4812 in
612 4761 686 4811 titulo
704 4761 874 4826 perscriptum
893 4761 1030 4825 sequimur,
1055 4760 1121 4810 adeo
1146 4757 1295 4808 uiduurcr'us
1313 4773 1345 4808 eo
1364 4761 1458 4810 missus

133 4867 181 4910 est.
217 4857 290 4910 Num
309 4854 381 4906 aliud
404 4859 488 4905 exstet
508 4853 655 4918 exemplum
673 4852 753 4918 legati
770 4851 883 4916 Augusti
900 4865 948 4916 pro
966 4857 1086 4916 praetore
1103 4850 1219 4902 nondum
1236 4856 1359 4915 praetura
1376 4849 1459 4901 iuncti

132 4951 236 5017 ignoro.

208 5035 235 5100 ²)
259 5037 319 5089 Nisi
338 5035 409 5102 quod
427 5035 502 5086 huius
514 5040 628 5099 potestas
647 5033 682 5085 sd
698 5032 793 5083 liberas
810 5031 934 5092 civitates,
954 5031 1023 5082 illius
1040 5031 1074 5083 ad
1093 5032 1218 5096 reliquam
1231 5032 1381 5098 provinciae
1398 5045 1457 5098 par·

131 5139 185 5184 tem
203 5127 359 5196 pertinebat.

209 5217 236 5284 ⁸)
262 5197 414 5286 praesertim
432 5232 491 5269 cunr
508 5217 583 5270 aliter
600 5204 716 5266 ὀπατικδν
733 5215 762 5268 in
780 5213 854 5268 titulo
872 5213 962 5266 Attico
981 5215 1025 5266 vix
1044 5213 1212 5266 omitteretur.
