3620 6080
644 630 826 686 norfflsss
843 627 1140 686 ossssvrfflosss
1157 627 1277 681 splen.
1297 627 1361 679 XV.

341 721 1675 754 ------——----.--—--—----*-...-.....

338 829 385 889 ep.
409 809 438 882 9,
461 807 515 880 373
544 806 615 884 Dig.
640 805 689 878 le,
711 805 741 878 2,
763 803 812 879 25,
835 803 878 880 6).
921 801 1052 862 Easdem
1077 801 1129 860 lex
1154 797 1297 860 Solonica
1326 797 1470 872 admittit,
1498 807 1532 856 ut
1560 798 1676 858 Pollux

342 911 385 971 ait
406 911 437 982 7,
461 909 534 968 151:
563 900 706 992 ἒπῖμορτιι
732 907 773 983 γῆ
798 899 877 988 rapti
900 893 1009 976 Σᾶλιιινι
1036 891 1120 974 diri
1140 891 1212 984 reipsa
1234 895 1443 983 γεωργουμένη,
1463 891 1513 956 καὶ
1534 894 1622 983 propr-a*
1644 893 1676 958 τό

340 1001 420 1092 tripes
445 1004 476 1067 vd
507 1003 565 1067 cirri
593 1011 648 1066 τῶν
670 1007 823 1090 γεωργῶν·
851 1001 882 1062 rd
905 999 938 1067 δ’,
954 997 999 1062 ini
1019 1004 1061 1080 τῷ
1083 993 1206 1086 τίτᾶριῳ
1228 993 1301 1086 seipse
1323 990 1461 1069 νὲμισθαι
1483 989 1677 1082 τίτραχῖξειν.

341 1111 502 1173 Eiusmodi
522 1117 706 1170 contractum
727 1125 776 1168 res
790 1105 912 1184 publica
924 1105 1143 1165 Thisbaeorum
1165 1121 1232 1162 cum
1246 1102 1368 1162 homine
1381 1101 1490 1162 Italico
1511 1101 1555 1161 ita
1575 1101 1679 1160 facere

343 1213 451 1291 potuit,
473 1220 506 1270 ut
519 1211 630 1270 fundos
653 1227 724 1270 suos
746 1210 774 1268 ei
789 1207 920 1268 arandos
939 1205 1071 1268 traderet
1091 1223 1128 1264 ea
1142 1203 1326 1276 condicione,
1349 1210 1383 1263 nt
1396 1203 1536 1263 frumenti
1557 1203 1680 1280 oleique

344 1323 427 1374 certa
447 1329 519 1390 pars
541 1312 581 1372 ad
602 1329 636 1372 se
656 1311 828 1390 pertineret.
871 1307 999 1368 Videtur
1023 1306 1115 1384 igitur
1136 1303 1261 1366 Gnaeus
1285 1304 1382 1365 fuisse
1403 1323 1443 1364 ex
1463 1322 1590 1364 numero
1611 1323 1680 1363 ara·

348 1425 447 1476 torum
465 1413 639 1474 Italicorum
658 1413 690 1472 in
711 1409 874 1488 provinciis
895 1409 1092 1480 versantium
1112 1407 1165 1484 qui
1186 1425 1367 1484 quemquam
1389 1406 1487 1466 solnm
1507 1406 1591 1484 quod
1610 1425 1681 1465 ara-

347 1519 421 1578 bant
441 1525 531 1594 saepe
553 1533 642 1574 suum
663 1511 804 1586 iecerunt,
829 1511 905 1571 nihil
925 1509 1059 1588 impedit,
1085 1509 1246 1587 quominus
1268 1509 1357 1568 etiam
1372 1508 1591 1568 'conductiones
1613 1508 1681 1567 eius

288 1615 291 1622 “
345 1617 465 1696 generis
486 1617 536 1676 vel
557 1617 584 1676 si
604 1615 700 1694 magis
722 1615 821 1694 placet
841 1614 1000 1673 societates
1021 1611 1143 1672 inierint
1164 1617 1194 1670 et
1215 1611 1261 1670 sic
1280 1609 1312 1668 in
1333 1609 1433 1668 alieno
1455 1609 1578 1668 ararint.
1614 1610 1681 1668 lam

342 1727 413 1798 post
427 1717 608 1779 deditionem
630 1733 697 1776 cum
718 1735 758 1776 ex
772 1722 925 1774 contractu
938 1713 992 1772 illo
1014 1712 1122 1790 agendi
1135 1713 1184 1772 ius
1202 1711 1399 1771 summeium
1421 1711 1460 1770 ad
1473 1711 1681 1770 Romanorum

344 1838 408 1878 rem
434 1819 585 1897 publicem
606 1819 702 1895 magis
728 1823 878 1894 spectarat
907 1833 998 1894 quam
1027 1814 1067 1873 ad
1087 1801 1309 1874 Thisbaeorum
1334 1811 1407 1872 licet
1430 1813 1617 1898 restitutam,
1642 1830 1681 1872 eo

346 1921 471 1983 Gnaeus
505 1939 543 1980 ne
575 1939 609 1982 se
635 1919 821 1991 defenderet,
857 1917 1017 1977 Thisbaeis
1049 1917 1099 1976 ius
1127 1913 1165 1974 de
1197 1932 1234 1974 eo
1259 1913 1515 1992 negotioiudicis
1542 1913 1681 1973 sumendi

346 2031 471 2084 senatus
486 2023 544 2081 hoa
565 2023 684 2082 decreto
699 2019 896 2082 confirmavit.
930 2017 1011 2081 Sane
1024 2018 1099 2078 hacc
1120 2005 1263 2076 ncn'tam
1285 2015 1352 2075 dico
1373 2016 1417 2075 ita
1436 2015 1577 2076 evenisse
1590 2033 1682 2092 quam

346 2125 482 2204 potuisse
503 2125 547 2182 ita
568 2124 702 2196 evenirc;
724 2141 794 2182 nam
815 2121 884 2198 plus
904 2121 937 2180 in
958 2120 1069 2180 talibus
1090 2117 1142 2195 qui
1163 2117 1222 2178 sibi
1243 2117 1383 2192 sumeret,
1402 2117 1523 2194 ineptus
1543 2117 1632 2176 foret.

425 2223 526 2303 Caput
539 2234 718 2284 extremum.
728 2223 769 2300 (c.
785 2221 924 2298 56-60)
939 2219 1115 2299 explanavit
1128 2213 1298 2279 Foncart'us
1312 2239 1350 2297 p.·
1359 2219 1397 2278 57
1421 2219 1530 2278 collata
1543 2218 1686 2278 clausula

345 2325 437 2386 simili
458 2333 583 2385 senatus
604 2325 736 2386 consulti
758 2324 795 2382 de
815 2323 937 2383 Iudaeis
958 2322 1096 2401 (Ioseph.
1118 2330 1180 2381 ant.
1202 2321 1270 2381 Iud.
1292 2321 1341 2392 13,
1361 2319 1391 2393 9,
1412 2318 1461 2396 2):
1488 2310 1565 2380 irae
1584 2313 1685 2382 αὐτοῖς

345 2417 412 2510 πρός
438 2449 470 2484 τι
495 2419 631 2492 Caesarie
662 2415 710 2506 uui
743 2416 849 2496 deiparae
875 2414 1045 2508 ἓλιυὲἒρους
1070 2413 1229 2508 γράμματα
1261 2415 1348 2480 δῶσιν
1373 2419 1412 2482 εἷς
1437 2410 1604 2496 ἇσφᾶλειιιν
1631 2423 1686 2490 τῖς

344 2527 384 2588 εἷς
405 2507 487 2586 οἷιιινΙ
505 2518 654 2586 ἔπανὸδου.
697 2528 850 2603 Expectes
876 2543 949 2590 esne
973 2543 1003 2586 v.
1027 2524 1067 2586 57
1097 2519 1194 2585 αὐτοῖς·
1213 2541 1270 2602 pro
1291 2514 1466 2590 desideriam,
1493 2523 1546 2581 sed
1571 2523 1686 2582 similia

346 2649 454 2706 perum
476 2630 634 2707 diligenter
656 2629 769 2706 scripta
789 2628 880 2686 etiam
902 2626 976 2686 alibi
996 2626 1029 2686 in
1051 2624 1314 2685 senatusconsulto
1336 2623 1525 2697 offendimus,
1551 2631 1581 2683 et
1601 2632 1685 2684 recte

273 2751 277 2761 ·
345 2731 439 2809 legati
465 2730 611 2790 Thisbaei
636 2731 736 2790 Roma
766 2729 887 2788 domum
913 2727 983 2786 navi
1014 2728 1057 2786 ita
1084 2727 1195 2786 reverti
1222 2732 1397 2804 potuerunt,
1430 2731 1465 2785 ut
1495 2725 1705 2803 appellerent

345 2829 548 2908 Naupactum,
571 2832 653 2910 quod
674 2831 818 2907 oppidum
845 2838 910 2888 tum
931 2827 1107 2888 Aetolorum
1129 2835 1208 2900 erat,
1234 2836 1265 2886 et
1285 2828 1463 2904 Anticyram
1484 2825 1517 2886 in
1538 2826 1684 2886 Phocide.

347 2929 424 2990 Cum
458 2931 722 2990 commendaticiae
754 2949 815 2990 non
845 2937 986 3008 petentur
1016 2929 1076 2988 nisi
1107 2929 1214 3006 legatie
1241 2928 1474 3001 Thisbaecrum,
1506 2927 1581 2987 mire
1613 2947 1684 2988 con-

347 3031 493 3108 ceduntur
514 3041 545 3091 et
559 3021 720 3092 Thisbaeis
741 3041 772 3091 et
787 3029 963 3104 Coronaeis,
985 3031 1039 3108 qui
1061 3028 1209 3091 Coronaei
1230 3038 1386 3106 praeterea
1406 3030 1438 3088 in
1459 3037 1523 3090 toto
1544 3036 1687 3091 senatus·

347 3133 485 3192 consulto
512 3151 573 3192 non
599 3134 800 3194 nominantur.
850 3129 992 3206 Accedit,
1019 3132 1101 3210 quod
1127 3139 1202 3190 teste
1227 3129 1317 3190 Livio
1343 3148 1379 3189 eo
1404 3130 1473 3208 ipso
1498 3149 1593 3202 anno,
1623 3149 1686 3209 quo

346 3229 486 3293 Coronea
512 3241 602 3311 capta
631 3245 692 3308 est,
717 3253 821 3294 eorum
848 3251 941 3294 eausa
964 3235 996 3292 in
1018 3241 1125 3294 senatu
1147 3240 1214 3292 acta
1235 3239 1295 3304 est,
1321 3239 1356 3290 ut
1376 3231 1563 3290 multoante
1584 3233 1624 3292 da
1644 3233 1699 3310 iis¹

348 3353 439 3412 quam
461 3337 499 3395 de
520 3335 681 3396 Thisbaeis
707 3343 831 3397 senatus
857 3331 1031 3413 decrerit1).
1075 3333 1177 3410 Quare
1202 3333 1295 3411 legati
1316 3330 1481 3406 Coronaei,
1510 3332 1548 3392 de
1573 3335 1687 3410 quibus

347 3436 495 3496 hocloco
517 3438 630 3515 agitur,
658 3439 685 3498 si
713 3445 785 3497 sunt
811 3438 871 3514 ipsi
891 3436 945 3508 ii,i
957 3437 1008 3516 qui
1032 3442 1104 3513 post
1131 3434 1386 3513 expugnationem
1407 3451 1531 3493 oausam
1552 3435 1620 3494 eius
1641 3437 1689 3496 rei

347 3537 487 3614 publicae
511 3539 544 3598 in
571 3547 677 3600 senata
697 3547 889 3617 peregerant,
917 3537 1104 3615 aliquamdiu
1117 3523 1195 3614 ¹post
1220 3535 1349 3612 primum
1375 3529 1526 3594 decretum
1551 3535 1590 3593 irs
1610 3537 1689 3597 urbe

348 3639 457 3698 morati
486 3640 547 3698 sint
572 3658 695 3701 necesse
721 3648 781 3712 eet3
809 3649 841 3699 at
866 3647 967 3717 potest
990 3638 1071 3711 fieri,
1101 3645 1134 3698 ιιι
1160 3637 1213 3696 alii
1241 3638 1303 3697 sint
1322 3636 1451 3696 Romam
1476 3635 1602 3713 proiecti
1624 3655 1689 3698 una

349 3756 417 3798 oum
439 3739 601 3800 Thisbaeis
621 3759 677 3817 pro
703 3741 812 3800 vicinis
836 3741 899 3802 suis
920 3739 1116 3816 deprecaturi.
1160 3736 1222 3800 Sed
1243 3758 1310 3798 cnm
1337 3744 1411 3797 vera
1435 3754 1530 3796 causa
1556 3739 1688 3799 inveniri

348 3849 489 3916 nequeat,
510 3842 578 3918 plus
601 3843 698 3902 minus
713 3841 929 3902 verisimilibus
950 3843 982 3900 in
1003 3861 1036 3902 re
1050 3841 1163 3900 nullius
1176 3841 1319 3900 momenti
1338 3839 1482 3900 lectorem
1504 3857 1566 3898 non
1586 3857 1689 3902 mora·

349 3939 459 4000 bimur.

356 4090 359 4096 ’
426 4079 450 4143 ¹)
473 4081 562 4132 Livius
574 4082 619 4144 43,
633 4084 659 4144 4,
675 4083 708 4133 11
728 4083 763 4133 ad
781 4097 806 4132 a.
824 4083 889 4134 584:
914 4079 1077 4134 decreverunt
1094 4081 1179 4134 eadem
1195 4080 1229 4134 de
1247 4079 1387 4142 Abderitis,
1409 4089 1472 4148 qaae
1491 4077 1522 4131 dc
1546 4077 1687 4132 Coronaeis

349 4169 512 4226 decreverant
523 4159 615 4240 priore
634 4157 709 4224 uano.
736 4173 878 4224 Foueertus
896 4189 922 4239 p.
937 4175 971 4226 58
991 4175 1079 4226 nescio
1099 4173 1229 4240 quomodo
1247 4173 1297 4224 sibi
1310 4171 1436 4238 persuasit
1454 4173 1482 4222 in
1500 4175 1571 4224 annd
1582 4173 1687 4224 Livium

349 4277 448 4313 errasse
473 4271 499 4314 et
522 4279 590 4314 anno
615 4265 719 4314 demum
742 4265 796 4316 584
820 4272 937 4316 sensuum
960 4273 1014 4316 tam
1033 4265 1066 4316 de
1086 4265 1223 4321 Thisbaeis
1248 4264 1376 4331 quamde
1395 4263 1538 4315 Coronaeis
1557 4266 1687 4316 statuisse.

349 4354 388 4404 At
412 4367 568 4422 quemquam
588 4357 723 4420 probabile
746 4363 785 4406 est
809 4357 900 4408 eodem
924 4357 979 4408 fere
1003 4364 1135 4422 tempore,
1160 4358 1258 4408 scilieet
1276 4348 1399 4406 autumno
1417 4369 1441 4406 a.
1462 4355 1529 4418 583,
1554 4358 1687 4408 consulem

348 4447 477 4497 Licinium
497 4446 642 4498 Coroneam
661 4458 821 4514 expugnasse
840 4456 866 4498 et
883 4456 1029 4514 praetorem
1047 4449 1196 4500 Lucretium
1215 4447 1330 4499 Thisbes
1348 4447 1492 4512 recepisse,
1518 4463 1573 4498 non
1591 4449 1687 4498 mirum

349 4538 439 4588 eet-de
459 4529 601 4590 Coronaeis
620 4540 691 4589 omni
709 4554 804 4604 genere
823 4541 1006 4606 suppliciorum
1026 4541 1138 4603 affectis,
1167 4547 1196 4590 ut
1213 4555 1255 4590 res
1273 4545 1300 4589 et
1319 4539 1482 4592 Graecorum
1500 4546 1527 4590 et
1544 4540 1628 4604 ipsius
1646 4554 1686 4590 se-

348 4637 424 4682 natus
443 4631 648 4697 indignationem
667 4617 790 4693 moveret,
811 4631 856 4680 diu
874 4639 934 4682 ante
953 4639 1070 4684 senatum
1084 4633 1234 4683 tractedsse
1253 4633 1384 4698 quamde
1397 4631 1536 4682 Thisbeeis
1555 4632 1687 4682 mitiorem

346 4711 393 4770 '‘vel
412 4711 481 4772 certe
499 4725 584 4774 minus
601 4723 732 4774 crudelem
755 4723 878 4774 victorem
898 4723 1019 4788 expertis.
1054 4725 1110 4776 Nec
1128 4729 1234 4789 propter
1251 4723 1339 4774 locum
1358 4729 1461 4774 senatus
1480 4723 1590 4774 consulti
1608 4724 1688 4788 plane

351 4809 488 4862 obscurum
516 4829 532 4864 a
550 4813 697 4880 Polybiane
719 4816 868 4866 narratione
891 4815 988 4880 optime
1013 4815 1167 4866 cohaerente
1191 4815 1376 4866 discedendum
1395 4821 1441 4868 est.
1478 4816 1577 4866 Verum
1599 4815 1687 4865 estin

352 4901 475 4962 periocha
490 4905 559 4954 Livii
577 4905 638 4956 libri
657 4907 691 4956 43
708 4908 914 4972 'expugnationes
933 4907 1104 4972 complurium
1122 4907 1150 4956 in
1170 4899 1280 4964 Graecia
1298 4903 1401 4956 urbium
1414 4905 1566 4972 prooemii
1582 4903 1686 4957 Licinio

352 4989 476 5053 adscribi;
501 4999 528 5041 at
552 5009 583 5045 aa
606 4997 824 5062 neglegentissimi
848 5001 980 5065 scriptoris
1004 5001 1118 5050 narratio
1142 4999 1218 5049 cedet
1240 4989 1350 5048 necesse
1367 5004 1405 5048 est
1428 4999 1460 5048 iis
1484 5011 1551 5063 quae
1569 5013 1602 5046 ex
1621 4997 1687 5062 ipsis

349 5078 467 5128 Livianis
485 5081 598 5144 reliquiis
616 5088 787 5154 universoque
809 5081 895 5142 rerum
915 5091 1006 5141 ordine
1026 5091 1168 5141 certissime
1187 5089 1352 5154 colliguntur,
1375 5089 1473 5140 scilicet
1491 5089 1613 5140 Crassum
1631 5103 1686 5139 non

328 5169 398 5240 ⁸diu
417 5183 465 5234 pro
487 5173 591 5223 consule
614 5177 696 5242 copiis
714 5180 870 5245 praefuisse,
898 5181 1044 5234 Coroneam
1067 5187 1154 5233 sutem
1177 5195 1236 5233 eum
1254 5183 1442 5248 expugnavisse
1460 5181 1603 5243 consulem,
1632 5195 1686 5230 non

352 5274 401 5324 pro
421 5262 533 5312 consule.
710 5279 712 5284 ’
