3620 6080
535 640 969 696 616611111666661161.
988 641 1070 698 xm.
1384 627 1457 700 273

139 818 354 878 Ahenobarbus
376 815 482 893 consul
503 814 601 873 factus
624 833 650 873 a.
672 813 844 892 60111132
867 822 1040 890 procreatus
1061 833 1129 876 esse
1146 817 1283 876 videatur
1304 837 1330 878 c.
1345 838 1372 878 a.
1389 821 1458 881 750.

139 917 195 980 Sed
215 919 248 978 in
269 918 316 978 his
337 934 398 974 non
417 916 608 988 morabimur,
629 933 684 975 nec
704 915 835 975 fortasse
856 934 892 974 ea
913 915 1087 994 tetigissem,
1109 917 1169 977 nisi
1185 915 1332 978 Gelzerus
1353 939 1461 998 parum

138 1019 322 1080 considerate
342 1018 464 1076 titulum
486 1015 682 1094 Smyrnaeum
703 1017 868 1076 rettulisset
889 1017 927 1074 ad
948 1017 1113 1078 Antoniam
1133 1017 1239 1079 Drusi.

219 1119 365 1197 Superest
385 1119 449 1176 filia
469 1127 542 1177 natu
561 1119 705 1190 maxima,
733 1117 770 1175 06
792 1135 852 1196 qua
873 1135 949 1192 quae
970 1118 1128 1177 traduntur
1152 1120 1228 1180 haec
1250 1129 1328 1183 sunt.
1369 1122 1463 1186 Pater

138 1231 204 1300 post
231 1240 336 1281 necem
362 1218 505 1279 Caesaris
533 1239 560 1278 a.
584 1220 644 1277 710
671 1239 737 1278 eam
764 1219 925 1296 despondit
949 1219 990 1277 Μ.
1017 1219 1148 1278 Aemilio
1173 1219 1291 1298 Lepido
1316 1225 1464 1286 triumviri

139 1319 254 1400 filio¹);
277 1321 469 1381 06110666.
486 1321 545 1379 717
569 1339 670 1380 curam
693 1321 754 1399 egit
775 1329 826 1379 aut
847 1328 926 1379 certe
948 1339 1036 1398 agere
1058 1339 1092 1380 sc
1113 1321 1272 1396 simulavit,
1294 1332 1328 1384 ut
1341 1327 1464 1404 nuptiae

139 1443 188 1484 eae
219 1423 441 1503 perficerentur,
473 1429 630 1498 antequam
662 1423 728 1501 ipse
760 1421 997 1499 proficisceretur
1031 1423 1070 1480 ad
1100 1423 1211 1483 bellum
1242 1424 1464 1506 Parthicuml)

140 1523 225 1584 Unde
264 1544 332 1584 cum
364 1521 508 1602 appareat
539 1543 604 1582 eam
636 1523 766 1599 puellam
800 1543 827 1582 a.
858 1523 918 1582 710
950 1523 1159 1600 viripotentem
1198 1526 1329 1586 nondum
1360 1529 1464 1602 fuisse,

139 1645 165 1684 a.
181 1625 241 1684 717
263 1625 406 1700 nubilem,
428 1625 564 1702 sequitur
585 1643 651 1682 eam
672 1632 772 1683 natam
794 1641 860 1683 esse
881 1624 945 1683 fere
966 1625 1043 1682 inter
1063 1643 1090 1684 a.
1109 1625 1169 1684 700
1188 1627 1303 1702 61705,
1325 1629 1464 1690 videlicet
1568 1647 1572 1654 “

138 1745 176 1786 ex
197 1727 341 1800 Antonia,
369 1745 439 1785 nam
466 1745 506 1786 ex
528 1726 626 1784 Fadia
650 1725 739 1784 liberi
760 1725 1055 1799 6516111111161166,
1084 1725 1225 1787 Fulviam
1246 1735 1345 1788 autem
1367 1733 1464 1791 Anto·

138 1828 204 1888 nius
227 1828 315 1886 duxit
337 1847 362 1886 6.
378 1847 404 1886 a.
423 1826 482 1885 707
505 1828 555 1887 vel
577 1825 636 1886 708
660 1826 784 1886 dimissa
804 1827 907 1902 paullo
929 1835 999 1886 ante
1019 1827 1197 1905 Antonia.³)
1238 1831 1463 1893 Matrimonium

137 1945 203 1988 cum
230 1928 349 2006 Lepido
375 1929 437 1987 11116
463 1929 626 2006 perfectum
653 1945 720 1988 esse
746 1929 838 2004 vulgo
865 1935 1013 2002 statuunt,
1046 1916 1171 1990 auctore
1192 1931 1274 1990 nullo
1300 1941 1331 1992 et
1356 1953 1462 2012 parum

137 2030 347 2108 probabiliter3
373 2049 442 2088 nam
469 2036 540 2106 post
565 2029 762 2090 Tarentinum
786 2029 892 2088 foedus
919 2030 1053 2088 stabilita
1078 2029 1174 2090 denuo
1201 2034 1362 2092 concordia
1386 2035 1464 2094 inter

140 2129 303 2191 Caesarem
325 2137 355 2190 et
375 2132 541 2190 Antonium
568 2131 709 2190 credibile
736 2148 797 2188 non
823 2139 871 2189 est
894 2131 973 2188 hunc
999 2132 1131 2206 perfecta
1151 2133 1300 2192 eiusmodi
1321 2135 1465 2195 affinitate

140 2232 305 2310 suspicioni
320 2250 423 2291 rursus
437 2233 626 2292 occasionem
641 2231 770 2303 dedisse,
791 2249 855 2305 neo,
871 2231 898 2290 si
912 2231 1053 2305 dedisset,
1070 2233 1230 2310 scriptores
1244 2235 1276 2293 id
1290 2237 1464 2297 tacuissent.

139 2331 278 2410 Denique
299 2333 434 2411 Lepidus
455 2333 546 2407 filius,
575 2353 636 2410 quo
658 2341 792 2409 tempore
817 2341 941 2408 propter
966 2333 1202 2397 coniurationem
1223 2336 1368 2397 adversus
1390 2337 1467 2398 an-

142 2453 240 2494 sarem
261 2434 435 2493 interfectus
457 2443 504 2494 est
518 2455 545 2494 a.
562 2434 631 2506 724,
657 2452 782 2492 uxorem
801 2434 907 2493 habuit
927 2451 987 2492 non
1000 2435 1173 2508 Antoniam,
1195 2436 1247 2495 sed
1263 2435 1466 2518 Serviliam4).

141 2535 291 2614 Deinceps
307 2537 442 2595 Antonia
455 2538 529 2596 haec
543 2535 622 2613 apud
636 2541 773 2595 auctores
786 2555 849 2594 non
863 2545 1119 2594 commemoratur.
1156 2536 1247 2597 Diem
1269 2559 1335 2602 eam
1357 2541 1468 2601 obiisse

141 2645 210 2696 ante
231 2643 347 2716 patrem
369 2635 404 2713 (1
426 2637 501 2713 724)
528 2637 598 2695 1106
624 2637 757 2696 efficiunt
782 2637 839 2696 viri
865 2637 955 2710 docti,
978 2637 1062 2713 ‘quod
1084 2639 1235 2698 Antonius
1255 2649 1325 2717 post
1347 2659 1379 2700 se
1399 2643 1469 2702 reli·

143 2739 246 2816 quisse
267 2739 376 2798 dicitur
396 2759 436 2798 ex
458 2739 554 2798 tribus
576 2739 725 2797 uxoribus
748 2747 861 2815 septem
883 2739 1041 2815 liberos,⁵)
1064 2739 1178 2798 scilieet
1197 2741 1284 2800 binos
1304 2762 1343 2801 ex
1357 2742 1469 2803 Fulvia

141 2849 170 2899 et
192 2839 329 2912 Octavia,
350 2847 411 2900 tres
433 2859 472 2898 ex
495 2838 666 2916 Cleopatra,
685 2839 848 2916 praeterita
868 2841 925 2899 hac
946 2849 1019 2898 natu
1039 2841 1171 2900 maxima
1192 2841 1254 2900 filia
1274 2863 1313 2901 ex
1335 2845 1469 2903 Antonia

141 2950 219 3000 nata.
255 2940 421 3000 Confirmat
435 2961 499 3000 eam
515 2943 727 3018 opinationem,
746 2941 827 3018 qnod
842 2941 918 3000 duae
932 2941 1012 3000 filiae
1027 2961 1066 3001 ox
1082 2941 1211 3002 Octavia
1225 2943 1315 3020 vulgo
1331 2945 1470 3005 dicuntur

140 3043 293 3102 Antoniae
315 3043 411 3102 maior
431 3051 461 3102 et
481 3044 590 3114 minor,
617 3043 727 3119 quibus
753 3042 922 3101 nominibus
944 3050 1025 3102 recte
1047 3043 1192 3119 appellari
1213 3064 1274 3103 non
1301 3053 1470 3122 potuerunt,

142 3147 169 3205 si
193 3146 312 3204 tertiam
341 3144 503 3222 legitimam
532 3163 666 3203 sororem
697 3144 876 3203 habuissent
900 3145 1015 3216 vivam;
1047 3163 1118 3202 nam
1145 3143 1338 3222 Cleopatrae,
1368 3156 1471 3226 utpote
1521 3131 1530 3150 ⁸

141 3257 229 3307 natae
251 3256 304 3305 aut
325 3263 364 3305 ex
379 3247 526 3305 adulterio
548 3254 599 3306 aut
619 3253 699 3306 certe
713 3264 752 3304 ex
767 3245 958 3304 matrimonio
979 3262 1038 3304 non
1060 3246 1134 3305 iuris
1148 3245 1287 3320 Romani,
1309 3248 1339 3306 in
1362 3266 1470 3308 nomen

141 3358 299 3425 paternum
321 3348 374 3432 ius
390 3367 451 3407 non
470 3347 535 3406 fuit.

225 3449 367 3508 Vidimus
401 3467 492 3526 supra
523 3449 687 3508 Antoniam
727 3444 912 3506 Zenonidum
950 3447 1053 3524 stirpis
1088 3454 1242 3525 tamquam
1279 3450 1471 3508 conditricem

142 3553 285 3630 nupsisse
307 3550 482 3627 Pythodoro
504 3570 530 3610 ο.
553 3571 579 3610 6.
604 3550 678 3623 72ος
706 3549 794 3608 modo
820 3548 949 3608 vidimus
972 3548 1136 3607 Antonium
1163 3549 1351 3608 triumvirum
1376 3551 1471 3610 filiam

142 3655 288 3716 habuisse
302 3653 436 3712 nubilem
457 3671 482 3712 c.
498 3673 525 3712 a.
542 3652 613 3726 718,
636 3651 673 3710 06
688 3669 747 3728 qua
762 3650 834 3727 quid
847 3651 958 3708 factum
973 3651 1023 3722 sit,
1044 3658 1182 3710 auctores
1201 3669 1262 3709 non
1275 3651 1471 3710 tradiderunt.

144 3754 257 3815 Nonne
287 3754 442 3831 probabile
473 3763 520 3813 est
547 3772 613 3812 eam
639 3753 737 3831 ipsam
763 3750 876 3812 fuisse?
906 3743 972 3809 ’Aa'
993 3773 1074 3818 τινες,
1107 3749 1215 3812 Strabo
1242 3753 1285 3811 ait
1309 3753 1357 3825 14,
1382 3753 1409 3826 1,
1432 3751 1472 3812 42

222 4084 248 4149 ¹)
266 4085 320 4136 Dio
340 4085 384 4146 44,
405 4084 453 4134 53:
476 4071 520 4147 silv
538 4079 667 4152 ἓννγατὲρα
685 4082 718 4148 τῷ
737 4081 788 4133 υἱεῖ
805 4076 880 4134 circii
903 4081 1015 4148 (Lepidi)
1040 4069 1168 4145 caruimus,
1193 4081 1263 4132 unde
1281 4088 1372 4146 postea
1390 4083 1474 4132 Anto·

144 4179 218 4229 nium
238 4184 265 4227 et
282 4176 410 4242 Lepidum
429 4179 553 4244 σνγγενοῖς
572 4177 686 4241 appellat
709 4176 763 4239 (46,
784 4175 828 4226 38.
849 4175 902 4237 52).
940 4175 994 4227 Sed
1016 4180 1084 4224 recte
1108 4173 1227 4223 observat
1243 4173 1396 4224 Perizonius
1419 4174 1474 4224 ani-

146 4271 236 4320 madv.
255 4269 346 4318 histor.
366 4284 387 4318 c.
403 4267 419 4317 3
444 4266 480 4332 (p.
501 4268 743 4319 1346011116161.
766 4267 859 4329 1685)=
885 4257 937 4315 ‘aut
954 4267 1044 4315 leviter
1068 4266 1163 4315 erravit
1180 4265 1234 4314 Dio
1258 4271 1302 4314 aut
1324 4265 1361 4315 ita
1378 4265 1477 4316 intelle·

145 4363 248 4428 gendos
270 4367 317 4422 est,
342 4366 371 4410 ut
394 4373 452 4408 6611
477 4366 538 4410 tuuc
561 4360 724 4410 solummodo
748 4358 914 4424 desponderit
937 4357 1075 4418 Antonius,
1104 4371 1158 4406 non
1180 4371 1242 4406 vero
1268 4357 1365 4421 nuptiis
1389 4356 1476 4406 statim

144 4454 222 4510 iactis
241 4467 336 4516 sponso
356 4451 510 4502 collocatam
529 4443 683 4502 tradiderit'.
714 4451 783 4502 Nam
801 4465 849 4500 166
867 4455 973 4514 propter
991 4455 1136 4512 temporum
1153 4449 1268 4499 rationes
1285 4447 1420 4512 probabile
1439 4453 1478 4496 est

146 4545 294 4596 Antonium
313 4543 415 4593 amissis
434 4543 570 4606 exprimo
589 4543 753 4593 matrimonio
772 4541 859 4592 liberis
879 4555 909 4590 eo
928 4540 1144 4604 temporefiliam
1163 4540 1277 4590 nubilem
1295 4539 1428 4600 habuisse,
1453 4545 1478 4588 et
1539 4529 1541 4532 ’
1637 4581 1645 4596 ,

146 4636 243 4697 obstat,
263 4642 292 4684 61
308 4634 461 4696 videbimus,
481 4635 626 4698 Appianas.

226 4723 251 4788 ²)
271 4726 408 4790 Appianus
427 4725 452 4775 b.
466 4741 488 4775 c.
502 4726 527 4787 5,
550 4726 597 4776 932
619 4716 632 4772 ὅ
652 4719 679 4773 dl
699 4723 815 4786 (Caesar)
834 4711 877 4773 τδν
894 4708 1024 4772 Ἀντώνιον
1044 4715 1088 4788 ltu
1107 4718 1148 4770 aul
1167 4715 1289 4771 Καλλίαν
1307 4707 1477 4788 ἀπελεύθερον

149 4815 174 4875 ἐς
191 4813 303 4866 Λέπιδον
328 4811 449 4884 ἐκπέμψαι
477 4812 651 4886 συντιθέμενον
674 4813 708 4879 τῷ
731 4810 832 4878 Λεπίδῳ
856 4801 919 4864 natal
942 4806 1088 4880 Καίσαρος·
1113 4804 1128 4876 ἦ
1148 4809 1175 4862 dl
1194 4811 1322 4874 (Octavia)
1342 4806 1479 4861 συνειδέναι

148 4904 274 4959 Καλλίαν
296 4899 357 4976 περὶ
378 4895 461 4976 pulpos
485 4899 683 4976 ἐπεσταλμένον·
706 4903 865 4971 βουληθῆναι
888 4898 935 4974 γαῖρ
958 4891 1088 4953 ’aradius
1110 4891 1157 4972 apd
1175 4901 1221 4954 rtis
1240 4900 1392 4972 Παρθυικῶν
1412 4897 1479 4952 ἔκδε-

150 4986 252 5052 straus
269 4986 312 5062 tila
331 4993 459 5066 θνγατίρα
477 4995 511 5062 τῷ
527 4994 599 5048 παιδὶ
618 4993 739 5060 Λεπίδου,
759 4984 873 5064 καθάπερ
894 4983 1048 5063 οἷμολόγητο.

229 5088 255 5152 ³)
274 5090 407 5141 Plutarch.
426 5091 525 5140 Antan.
546 5091 571 5142 9.
608 5091 687 5143 Recte
706 5089 739 5139 06
757 5083 798 5140 his
817 5088 936 5153 exposuit
954 5087 1121 5138 Drumannus
1142 5088 1166 5148 1,
1188 5086 1249 5138 518.

230 5180 389 5245 66111,
412 5183 455 5232 66.

232 5271 256 5335 ⁵)
275 5273 406 5326 Plutarch.
426 5274 489 5323 Ant.
511 5275 552 5323 07.
