3620 6080
376 593 450 667 296
945 601 1128 656 uouusau

375 695 1701 724 W

376 787 489 857 liceret,
510 789 632 842 senatus
652 797 718 838 eam
740 796 802 836 rem
825 776 959 854 ampliat,
978 774 1074 833 donec
1094 772 1131 830 de
1153 790 1190 830 ea
1209 789 1242 830 re
1264 769 1300 831 C.
1321 769 1494 829 Lucretium
1516 769 1653 843 audierit,
1673 779 1703 828 ut

379 887 454 946 satis
481 891 626 962 appareat
649 880 778 943 feminas
805 897 874 936 eam
901 878 999 953 ipsum
1026 875 1058 934 iu
1083 873 1224 934 iudicium
1250 880 1408 932 vocaturae
1435 871 1539 930 fuisse.
1581 871 1644 932 Res
1668 871 1703 930 de

378 1005 441 1066 qua
461 993 625 1064 queruntur
646 979 792 1042 Thisbaei
813 996 993 1056 quamquam
1014 977 1117 1054 ignota
1138 983 1199 1046 eet,
1225 974 1258 1032 in
1283 973 1454 1032 uuiversum
1478 991 1538 1049 quo
1560 972 1706 1050 pertineat

379 1089 455 1149 satis
477 1084 665 1164 perspicitur.
708 1081 757 1140 Da
778 1079 921 1140 Lucretio
942 1097 1020 1154 quae
1041 1076 1189 1154 Polybius
1208 1074 1375 1150 Liuiusque
1397 1082 1611 1150 exposuerunt,
1637 1083 1705 1134 tem·

378 1207 485 1268 pamm
506 1185 616 1244 iniuria
636 1184 803 1262 perieruutr
828 1179 880 1240 sed
902 1197 1048 1239 summam
1069 1195 1133 1236 rem
1153 1177 1203 1235 hic
1223 1175 1448 1252 comprehendit
1467 1175 1568 1234 verbis
1587 1175 1637 1234 his
1658 1176 1706 1244 43,

379 1293 414 1350 l:
442 1290 543 1349 tacitae
562 1289 706 1362 praetoria
781 1301 812 1342 eo
830 1285 946 1359 gratior
962 1280 1042 1358 plebi
1056 1278 1246 1355 patribusque
1253 1279 1324 1352 ficit,
1347 1295 1403 1354 qao
1418 1277 1561 1336 eudaliae
1575 1280 1707 1336 avariae·
1799 1301 1800 1364 q

379 1409 434 1470 que
459 1395 490 1448 ia
519 1387 644 1448 Graecia
670 1385 803 1444 bellatum
830 1394 857 1442 et
879 1383 917 1442 ab
945 1381 1059 1442 console
1079 1377 1194 1440 Licinio
1219 1387 1246 1437 ct
1270 1378 1307 1436 ab
1333 1377 1468 1437 Iatcretnb
1484 1387 1620 1456 praetore
1640 1387 1707 1438 erat.

380 1492 548 1552 Lucretium
569 1485 786 1564 tribuniplebis
808 1484 948 1543 absentem
969 1481 1145 1542 contionibus
1167 1481 1298 1539 adsiduis
1317 1479 1492 1550 lacerabant,
1515 1498 1577 1538 cam
1596 1482 1639 1537 rei
1656 1498 1709 1556 pu·
1799 1475 1800 1478 ’

381 1595 473 1653 blicae
494 1606 584 1650 caasa
604 1588 702 1647 abesse
728 1595 925 1646 caussaretur.-
951 1584 1002 1641 sed
1022 1593 1079 1642 tam
1099 1583 1170 1640 adeo
1195 1583 1293 1638 cimae
1313 1583 1398 1638 etiam
1418 1581 1601 1656 inexplorata
1622 1590 1709 1653 mant,
1799 1583 1800 1586 ’

380 1703 415 1753 at
433 1696 460 1752 ie
480 1711 511 1752 eo
533 1701 654 1765 tempore
674 1691 705 1746 ia
725 1705 797 1763 aqro
817 1705 870 1744 auo
891 1683 1006 1743 Antiati
1026 1692 1098 1742 eaeet
1119 1699 1280 1758 aquamque
1300 1700 1334 1739 ea
1353 1681 1708 1740 machinantium...

382 1797 505 1854 duceret.
546 1791 623 1850 Post
648 1788 710 1848 alia
735 1786 842 1846 deinde
862 1805 887 1844 c.
911 1785 939 1844 7.
962 1777 983 1842 8
1008 1793 1129 1844 enarrat
1155 1781 1397 1843 Chalcidensium
1420 1783 1457 1840 de
1477 1782 1619 1842 Lucretio
1641 1801 1709 1859 que·

381 1894 541 1964 rimulas,
567 1892 599 1950 in
621 1890 668 1950 his
690 1888 796 1965 templa
816 1885 943 1946 omuibus
963 1888 1133 1944 ornamentis
1156 1884 1291 1962 spoliata,
1317 1884 1525 1960 compilataque
1551 1883 1708 1960 sacriteqr'ie

384 1997 416 2057 C.
438 1995 604 2054 Lucretium
624 1989 746 2050 navibus
767 1987 886 2048 Antium
908 1988 1061 2058 deuenisse,
1089 1987 1179 2045 libera
1201 1987 1377 2061 corporata
1399 1990 1559 2044 servitutem
1580 1986 1709 2062 abrepta,

377 2099 516 2174 samanae
537 2095 678 2152 eameram
697 2089 803 2167 populi
823 2089 946 2147 Borcani
972 2089 1087 2164 direpta
1113 2104 1173 2145 eece
1270 2085 1424 2145 Accessere
1449 2091 1480 2145 ia
1501 2096 1630 2146 serratam
1650 2086 1712 2144 La·

382 2201 499 2260 medum
518 2195 639 2272 placuit,
660 2202 691 2251 ut
710 2193 881 2266 disceptaret
893 2207 989 2249 coram
999 2197 1196 2265 parqaretqae
1216 2205 1263 2246 ee:
1286 2196 1406 2256 ceterum
1425 2189 1513 2246 multo
1523 2188 1615 2264 plara
1625 2206 1712 2266 prae·

383 2318 447 2358 aeus
469 2297 580 2357 audiuit
599 2312 685 2371 qaam
705 2296 737 2350 ia
758 2292 899 2351 absentem
918 2294 997 2352 iacta
1018 2299 1108 2348 eram.
1140 2288 1283 2364 Denique.
1302 2288 1414 2348 tribuni
1434 2289 1531 2365 plebis
1553 2288 1613 2347 duo
1635 2289 1714 2348 diem

383 2400 411 2460 ci
425 2399 528 2458 dicunt
541 2413 667 2472 cumque
681 2393 812 2471 quinque
826 2402 857 2452 et
870 2391 994 2468 triginta
1006 2390 1103 2456 tribas
1118 2406 1223 2449 omnes
1239 2389 1338 2449 decies
1353 2391 1432 2447 aeris
1447 2390 1656 2451 condemnant.
1673 2427 1711 2437 -
1800 2405 1801 2470 q

383 2501 475 2561 Talia
495 2517 561 2558 cum
584 2495 797 2557 Chalcidenses
818 2493 902 2571 passi
924 2498 1035 2562 essent,
1057 2498 1292 2550 cousentaneum
1314 2497 1361 2548 est
1382 2490 1541 2549 Thisbaeis
1563 2511 1632 2551 eum
1654 2513 1715 2552 non

382 2603 481 2679 magis
502 2598 688 2678 pepercisse,
715 2595 847 2656 maxime
871 2594 923 2670 qni
949 2601 1051 2652 essent
1075 2592 1172 2668 partie
1193 2591 1417 2662 Macedonicam
1443 2611 1513 2650 nam
1535 2593 1600 2653 eius
1620 2595 1716 2671 partis

382 2704 479 2766 fuisse
499 2701 589 2761 credo
602 2698 745 2758 mulieres
765 2695 833 2754 illas
847 2714 914 2754 cum
929 2693 1090 2766 Foucarto,
1112 2692 1195 2770 quod
1209 2692 1341 2751 Thisbes
1361 2693 1480 2769 regredi
1495 2701 1645 2769 vetantur,
1666 2715 1716 2754 ne-

383 2823 442 2881 que
456 2803 567 2873 obstat,
581 2799 660 2876 quod
672 2797 815 2857 Thisbaei
830 2797 881 2872 qui
895 2795 927 2854 in
941 2795 999 2853 fide
1010 2802 1185 2854 manserunt
1199 2811 1319 2852 causam
1335 2812 1437 2851 earum
1450 2795 1483 2852 in
1494 2802 1604 2854 senata
1613 2807 1716 2875 agunt,

384 2924 454 2964 cum
468 2900 643 2980 praesertim
659 2898 799 2958 mulieres
815 2897 883 2956 sint.
918 2896 1048 2954 Praetor
1068 2894 1252 2972 intellegitur
1273 2895 1394 2952 omuino
1415 2895 1492 2954 iuter
1512 2896 1594 2955 cives
1615 2906 1647 2956 et
1666 2916 1717 2974 pe·

384 2999 574 3082 regrinos¹);
607 3018 677 3059 uam
705 2998 867 3058 secundum
893 2997 1028 3058 ordinem
1054 2996 1231 3056 iudiciorum
1258 2995 1332 3056 civis
1358 2995 1512 3057 Romanus
1539 3016 1575 3056 eo
1602 3007 1718 3059 tantum

387 3125 407 3164 a
427 3104 585 3182 peregrino
612 3101 644 3160 in
671 3101 719 3159 ius
741 3099 844 3159 vocari
866 3096 1007 3175 potuitt).
1049 3089 1118 3168 Δίκη
1141 3088 1255 3180 ὕβρεως
1277 3094 1395 3156 Graeco
1416 3098 1563 3158 vocabulo
1583 3100 1718 3177 legitimo

386 3205 426 3266 ad
439 3206 608 3265 Romanum
630 3218 778 3278 expresso
798 3201 877 3258 actio
900 3207 946 3258 est
965 3199 1153 3270 iniuriarum,
1173 3217 1234 3256 non
1249 3199 1371 3274 publica
1384 3207 1491 3276 postea
1510 3199 1630 3259 demum
1652 3203 1718 3281 lege

387 3306 528 3369 Cornelia
539 3304 719 3378 introducta,
741 3301 795 3361 sed
817 3301 1028 3376 antiquissima
1040 3301 1169 3376 privata,
1190 3317 1267 3376 quae
1289 3299 1379 3358 etiam
1393 3310 1498 3360 contra
1511 3303 1717 3379 magistratum

386 3407 500 3469 intendi
524 3405 636 3484 potuit,
666 3405 694 3463 si
725 3401 798 3481 quid
822 3403 945 3462 fecisset
971 3419 1031 3460 non
1062 3401 1127 3459 iure
1153 3402 1362 3477 magistratus,
1403 3403 1457 3460 sed
1488 3402 1559 3461 odio
1588 3406 1717 3482 privato.

386 3510 450 3572 Nec
475 3506 705 3584 magistratibus,
733 3502 885 3579 Ulpianus
912 3502 954 3561 ait
987 3501 1074 3578 (Dig.
1097 3503 1148 3574 47,
1172 3503 1219 3575 10,
1242 3501 1313 3579 32),
1347 3503 1422 3572 ticet¹
1439 3503 1554 3580 aliquid
1579 3509 1719 3565 iniuriose
1801 3517 1802 3564 t

382 3615 503 3690 facere.-
530 3611 558 3668 ai
582 3607 654 3684 quid
678 3607 768 3681 iqitar
784 3623 842 3681 per
866 3606 1004 3662 iniuriam
1022 3604 1125 3678 fecerit
1145 3607 1333 3679 magistratus
1353 3605 1399 3662 cel
1419 3609 1504 3680 quasi
1521 3610 1654 3681 privatas
1674 3611 1720 3666 cet

383 3713 495 3789 fiducia
515 3701 748 3786 magistrataffl),
769 3708 943 3764 iniuriarum
953 3712 1050 3780 potest
1071 3707 1222 3764 conveniri.
1259 3707 1310 3764 ced
1329 3715 1423 3764 atram
1433 3711 1530 3783 posito
1549 3712 1721 3785 maqietrota

390 3912 595 3923 *-

469 4049 493 4114 1)
517 4051 605 4116 Ipsam
619 4049 767 4101 Lucretium
786 4049 913 4116 intellegit
923 4049 1067 4102 Foucartus
1085 4063 1230 4116 perperam,
1247 4041 1345 4102 ‘contra
1361 4043 1514 4115 praetorcm’
1533 4059 1634 4104 vertens
1651 4053 1719 4120 quod

391 4143 457 4194 verti
475 4142 565 4192 debuit
579 4134 661 4207 ‘apud
678 4134 753 4192 eum'.

467 4231 493 4296 ²)
517 4233 623 4286 Scilicet
638 4247 772 4283 versamur
788 4233 817 4283 in
835 4233 867 4282 iis
887 4232 1058 4298 temporibus,
1083 4231 1176 4297 quibus
1194 4231 1308 4284 nominis
1325 4232 1459 4284 deferendi
1476 4233 1580 4298 privato
1598 4236 1638 4286 ius
1656 4251 1718 4286 non·

393 4325 456 4376 dum
475 4332 531 4375 erat
553 4339 637 4389 neque
660 4330 733 4374 erant
752 4324 914 4389 quaestiones
931 4325 1097 4390 privataeque
1115 4325 1291 4374 accusationes
1308 4325 1385 4375 ullae.
1422 4325 1492 4377 Sane
1511 4325 1544 4376 dc
1562 4327 1609 4377 tali
1627 4328 1719 4378 delicto

391 4419 472 4469 etiam
489 4416 621 4482 publicum
638 4415 761 4466 indiciam
780 4416 837 4465 lieri
855 4421 970 4480 poterat,
995 4422 1024 4466 at
1041 4421 1148 4482 propter
1165 4415 1262 4468 similes
1280 4417 1388 4466 iniurias
1407 4415 1619 4468 Chalcidensibus
1636 4419 1719 4469 illatas

392 4509 423 4562 C.
436 4509 571 4560 Lucretius
583 4521 630 4572 per
642 4505 758 4556 tribunos
770 4506 853 4572 plebis
865 4507 998 4572 plebisque
1008 4503 1149 4558 'concilium
1161 4505 1285 4557 multatus
1303 4513 1354 4578 est,-
1373 4514 1400 4558 at
1418 4509 1547 4559 eiusmodi
1559 4510 1678 4560 iudicium
1691 4515 1719 4559 ut

391 4607 498 4667 propter
521 4600 651 4665 privatum
675 4598 732 4648 fleri
754 4604 871 4663 poterat,
896 4599 933 4648 ita
957 4612 1012 4648 nou
1035 4612 1082 4662 per
1098 4597 1240 4663 privatum,
1264 4611 1347 4663 neque
1371 4599 1404 4648 ad
1427 4599 1455 4649 id
1473 4602 1718 4652 senatusconsultum

391 4693 512 4756 pertinet.

471 4779 496 4844 ⁸)
519 4783 552 4833 Id
565 4797 616 4848 quo
628 4781 770 4847 perveniat,
791 4781 887 4846 optime
904 4779 1065 4831 demonstrat
1082 4780 1259 4840 idemauctor
1270 4779 1331 4846 Dig.
1346 4781 1372 4843 9,
1387 4781 1412 4843 2,
1427 4767 1470 4844 29',
1486 4783 1511 4845 7,
1531 4779 1576 4832 ubi
1593 4783 1719 4834 actionem

394 4883 428 4920 ex
445 4873 502 4935 lege
514 4873 623 4938 Aquilia
641 4872 687 4924 dat
705 4872 784 4922 eh‘am
804 4865 893 4922 contra
911 4873 1096 4938 magistratum,
1117 4873 1167 4938 qui
1180 4873 1274 4937 pignus
1287 4872 1383 4936 ceperit
1400 4887 1454 4923 non
1473 4873 1585 4939 exlege,
1605 4872 1719 4940 quamvis

393 4972 427 5008 ex
445 4961 502 5024 lege
520 4975 548 5010 se
567 4977 659 5029 capere
678 4963 783 5028 putarit.
815 4963 920 5016 Scilicet
938 4978 970 5014 ea
988 4964 1056 5014 actio
1076 4963 1177 5029 culpam
1191 4969 1290 5013 tantum
1308 4964 1424 5028 requirit.
1462 4965 1548 5026 Quare
1567 4979 1718 5031 quamquam

393 5063 457 5117 quae
480 5050 536 5099 inre
547 5056 684 5117 potestatis
701 5071 719 5104 a
736 5055 888 5121 maqsetratu
898 5053 973 5120 fiant,
998 5054 1035 5106 ad
1051 5055 1203 5105 iniuriarum
1221 5056 1342 5106 actiomm
1364 5071 1414 5105 aaa
1431 5057 1561 5122 pertineat
1584 5055 1653 5121 (Dig.
1673 5056 1716 5114 47,

394 5141 439 5202 10,
460 5139 504 5201 13,
524 5139 560 5201 6),
580 5143 602 5192 si
621 5145 684 5208 quid
696 5147 857 5211 magistratus
876 5147 921 5212 qui
938 5147 990 5196 luit
1005 5148 1033 5198 iu
1051 5148 1204 5211 magistratu
1222 5154 1312 5198 contra
1329 5147 1369 5196 ius
1382 5147 1443 5196 dolo
1461 5148 1531 5197 malo
1550 5148 1640 5200 iecisse
1657 5159 1719 5196 corr·

392 5229 511 5292 vincitur,
531 5245 687 5299 quamquam
704 5236 767 5287 tecit
784 5251 833 5305 pro
850 5238 1010 5303 magistratu,
1029 5239 1183 5290 iniuriarum
1201 5239 1386 5292 condemnetur
1403 5253 1505 5291 necesse
1524 5247 1571 5291 est.
