3620 6080
596 576 779 628 111111.
800 578 1002 632 Anvsmvm.
1386 545 1460 640 235

131 748 226 806 latina
240 747 279 804 ad
299 767 337 805 m.
353 747 398 805 IV
420 751 597 806 constitutam
618 765 685 808 esse
700 749 804 807 aedem
818 768 938 808 aramve
963 751 977 807 1
995 750 1136 810 Decemb.
1161 759 1190 812 et
1212 756 1372 814 dedicatam
1392 774 1460 816 1111

131 847 185 905 111.
209 848 238 919 8,
268 855 395 924 utroque
417 855 515 906 autem
536 849 584 907 die
606 869 666 908 non
688 867 774 910 secus
797 858 887 926 atque
916 850 955 908 ad
980 869 1062 909 aram
1084 852 1172 912 Pacis
1194 855 1352 932 Augustae
1373 857 1482 916 sacra'

130 948 194 1006 fieri
217 949 308 1006 solita
330 967 408 1008 1111.

216 1047 335 1121 Quodsi
363 1052 438 1110 haee
463 1057 544 1108 recte
572 1051 724 1126 disputata
751 1059 831 1122 sunt,
858 1051 918 1109 iam
946 1053 1020 1111 satis
1043 1053 1206 1112 stabilitum
1231 1057 1289 1114 erit
1318 1057 1349 1114 id
1379 1057 1460 1132 quod

129 1149 335 1209 Mommsenus
358 1151 567 1227 suspicabatur
587 1153 659 1210 bina
680 1169 768 1210 sacra
789 1152 972 1228 singulorum
994 1155 1116 1212 deorum
1141 1156 1173 1212 in
1197 1155 1285 1214 fastis
1306 1156 1459 1234 adscripta

129 1267 218 1326 posse
241 1251 361 1326 quidem
383 1253 421 1310 ad
443 1253 634 1310 constitutam
657 1252 883 1329 dedicatamque
904 1273 1005 1314 eorum
1028 1256 1131 1313 aedem
1149 1255 1262 1328 referri,
1284 1258 1457 1334 neutiquam

128 1369 197 1408 vero
219 1351 253 1408 id
275 1369 392 1410 sacrum
414 1354 496 1428 quod
516 1354 646 1428 primum
667 1353 705 1412 ad
723 1355 915 1412 constitutam
935 1373 1019 1412 aram
1040 1355 1149 1414 lactum
1173 1358 1212 1414 sit
1232 1358 1367 1416 habitum
1389 1375 1457 1418 esse

127 1469 181 1526 pro
203 1453 299 1510 natali
326 1453 408 1510 aedis
431 1455 495 1525 die,
523 1473 611 1530 quem
632 1453 785 1512 dedicatae
812 1472 879 1512 esse
904 1455 1051 1514 fastorum
1078 1458 1261 1516 documentis
1289 1477 1380 1535 supra
1406 1459 1456 1516 de·

128 1554 371 1612 monstravimus.
414 1573 469 1612 neo
488 1556 588 1613 minus
610 1562 722 1618 certum
744 1555 859 1613 videtur
884 1555 963 1614 hunc
992 1556 1070 1614 diem
1092 1559 1221 1616 natalem
1243 1577 1301 1616 non
1322 1560 1457 1634 potuisse

127 1651 192 1713 loco
213 1655 332 1712 moveri
352 1655 542 1713 restitutione
563 1656 676 1730 templi,
703 1655 837 1729 potuisse
862 1657 940 1714 hanc
966 1675 1094 1734 quoque,
1123 1660 1263 1734 quoniam
1285 1678 1351 1717 cum
1373 1659 1457 1718 dedi·

128 1755 246 1813 catione
267 1755 376 1814 iterata
396 1757 566 1816 necessario
589 1757 629 1814 sit
649 1757 816 1826 coniuncta,
839 1733 1015 1814 secundario
1038 1759 1137 1834 aliquo
1160 1777 1244 1818 sacro
1267 1769 1406 1836 statuque
1428 1770 1457 1820 et

129 1855 269 1913 sollemni
296 1857 449 1916 celebrari.
493 1858 621 1916 vidimus
647 1858 766 1916 restitui
794 1857 913 1915 reficivc
934 1859 1024 1914 etiam
1046 1877 1098 1916 eas
1120 1859 1209 1918 aedes
1230 1860 1289 1918 dici
1316 1879 1392 1936 quae
1420 1861 1457 1918 de

129 1956 194 2014 solo
223 1956 404 2016 reficiendae
432 1968 533 2017 essent
560 1959 673 2017 eisdem
695 1958 802 2033 quibus
825 1966 893 2014 ante
914 1957 1043 2015 fuissent
1062 1959 1208 2035 vestigiis.
1241 1961 1353 2019 scilicet
1374 1965 1458 2026 etiam

127 2058 222 2115 diruto
245 2060 375 2134 aedificio
398 2061 489 2118 locam
511 2078 624 2118 suornm
644 2039 756 2116 monere
777 2058 923 2117 Marciani
943 2040 1019 2116 illud
1042 2059 1130 2136 Digg.
1151 2062 1178 2131 l,
1201 2061 1230 2131 8,
1254 2061 1281 2133 6,
1305 2063 1333 2132 3,
1355 2063 1457 2122 rectis·

128 2157 201 2216 aime
229 2158 271 2216 H.
296 2159 475 2235 Degenkolb
503 2179 587 2218 meus
614 2159 788 2234 (Plotarecltt
812 2160 873 2216 und
899 2159 1003 2217 Midlte
1031 2178 1060 2234 p.
1085 2159 1157 2236 122)
1185 2162 1228 2218 111
1255 2163 1406 2220 enarravit
1426 2171 1459 2220 ut

129 2259 259 2318 conlatis
283 2260 407 2319 Traiani
429 2263 468 2320 ad
489 2261 569 2320 Plin.
592 2261 629 2318 71
653 2260 752 2318 verbis
775 2259 822 2318 his
847 2278 915 2316 nam
938 2263 965 2316 si
979 2261 1065 2334 facta
1086 2271 1128 2318 est
1148 2260 1283 2336 (aedes),
1311 2262 1459 2322 11111111-

129 2359 214 2434 lapsa
244 2365 290 2433 sit,
317 2362 419 2437 nelipio
446 2365 506 2420 eins
528 2363 676 2438 occupavit
695 2363 797 2432 solnm,
826 2360 1054 2431 demonstraret,
1086 2361 1173 2418 deum
1199 2362 1282 2419 aedis
1304 2381 1371 2420 cum
1393 2363 1459 2427 solo

126 2461 356 2536 possessionem
385 2463 502 2522 etiamsi
527 2462 581 2519 illa
606 2461 735 2536 perisset
761 2461 900 2519 retinere.
942 2443 1459 2539 11111111111111111111-

126 2561 194 2620 ficio
224 2581 282 2620 nec
307 2564 417 2622 natalis
446 2564 510 2621 eius
539 2561 598 2620 diei
625 2579 712 2619 sacra
737 2561 827 2618 inrita
854 2562 919 2620 fieri
946 2581 1001 2620 nec
1027 2579 1136 2620 nomen
1163 2580 1365 2638 cognomsnve
1393 2565 1459 2623 eius

126 2663 237 2737 perire,
273 2663 364 2722 immo
397 2663 513 2722 senatui
545 2681 584 2720 ex
615 2663 790 2738 pontificum
823 2663 942 2720 decreto
973 2663 1176 2720 necessarium
1207 2681 1314 2721 munus
1346 2664 1460 2742 iniungi

126 2765 307 2822 restituendi
339 2783 375 2822 ea
401 2784 478 2840 quae
504 2763 542 2821 ad
567 2771 685 2839 tempus
719 2769 872 2822 cessarent
897 2763 946 2822 vel
977 2765 1128 2838 perissent
1160 2763 1267 2838 deique
1296 2765 1361 2821 sive
1387 2765 1460 2822 deae

127 2865 250 2941 genium
277 2867 454 2924 iunonemve
480 2863 627 2940 placandi.
681 2881 741 2938 quo
768 2865 945 2923 restituendi
970 2883 1091 2922 munere
1118 2863 1255 2922 absoluto
1281 2863 1378 2921 eidem
1405 2865 1460 2924 dec

127 2966 162 3024 de
178 2985 262 3025 novo
284 2967 423 3025 relectam
446 2966 551 3024 aedem
573 2964 712 3022 sollemni
733 2965 793 3022 ritu
815 2964 981 3024 dedicatam
1005 2983 1072 3024 esse
1094 2964 1130 3022 de
1146 2961 1296 3039 Capitolio
1318 2965 1461 3025 traditum

127 3075 180 3125 est.
228 3086 299 3125 nam
321 3069 450 3144 primum
472 3065 509 3139 Q.
534 3063 673 3124 Catulum
694 3065 812 3123 Plinius
835 3064 885 3138 29,
908 3065 946 3122 23
973 3067 1016 3124 111
1038 3085 1100 3124 cam
1123 3065 1297 3140 Capitolium
1319 3067 1463 3124 dedicaret

128 3171 269 3228 umbram
294 3169 326 3226 in
351 3169 468 3226 theatro
496 3166 615 3237 fecisse,
649 3165 756 3223 deinde
787 3184 854 3224 cum
886 3166 993 3224 iterum
1024 3173 1095 3243 post
1125 3174 1252 3224 mortem
1280 3165 1463 3241 Vespasiani

128 3272 349 3346 conflagrasset
379 3268 486 3325 fratres
520 3267 638 3325 arvales
671 3266 717 3324 ad.
745 3265 774 3326 7.
800 3265 839 3322 id.
863 3265 938 3322 Dec.
966 3284 992 3323 a.
1014 3285 1045 3340 p.
1069 3263 1103 3324 G.
1127 3265 1166 3324 80
1195 3269 1225 3322 in
1257 3265 1399 3340 Capitolio
1431 3271 1462 3325 in

127 3364 239 3430 aedem
254 3369 325 3446 Opis
348 3377 533 3427 conuenerant
552 3369 593 3424 ad
612 3377 678 3426 noto
699 3367 893 3441 nuncupanda
920 3368 961 3423 ad
981 3369 1185 3424 restitutionem
1210 3375 1237 3422 et
1257 3366 1461 3424 dedicationem

131 3472 262 3548 Capitoli
287 3471 324 3528 ab
351 3469 549 3544 imp(eeatore)
579 3467 611 3526 T.
638 3468 760 3527 Caesare
781 3467 958 3540 Vespasiano
985 3464 1147 3541 Anp(nsto)
1179 3464 1262 3539 (nam
1288 3464 1332 3522 ita
1358 3473 1403 3522 est
1428 3465 1460 3524 in

126 3574 199 3632 actis
229 3581 251 3630 t.
274 3571 323 3644 23,
353 3571 391 3628 10
424 3571 461 3628 11.
489 3569 596 3628 Marin.
624 3588 653 3644 p.
679 3566 737 3626 206
765 3566 831 3642 se),
865 3585 954 3643 quam
986 3565 1202 3623 dedicationem
1233 3584 1252 3622 a
1283 3563 1469 3624 Domitiano.

126 3694 152 3732 1.
169 3674 208 3732 83
234 3681 386 3748 peractam
408 3689 475 3730 esse
496 3679 556 3730 tam
579 3668 691 3727 nummi
711 3669 799 3728 huius
814 3667 886 3724 anni
900 3685 990 3742 quam
1007 3665 1088 3726 Suet.
1104 3665 1193 3723 Dom.
1212 3663 1229 3722 8
1253 3668 1458 3742 comprobant.

126 3777 229 3851 itaque
256 3775 360 3832 aedem
386 3791 452 3830 eam
478 3789 597 3848 quoque
627 3788 717 3846 quam
744 3768 949 3844 Vespasianus
976 3786 995 3824 a
1021 3767 1086 3824 solo
1119 3766 1189 3824 fecit
1216 3765 1353 3825 similiter
1378 3767 1460 3826 dedi-

127 3884 226 3934 catam
248 3893 315 3934 esse
337 3882 449 3931 certum
471 3880 526 3942 est,
551 3871 622 3929 licet
643 3889 720 3946 quae
743 3887 830 3927 sacra
851 3869 974 3926 Tacitus
997 3875 1209 3926 commemoret
1229 3867 1399 3943 pertineant
1421 3868 1459 3926 ad

38 3988 41 3995 '
127 3979 225 4036 solam
254 3994 342 4034 areae
367 3973 582 4044 lustrationem,
615 3971 809 4029 fundamenta
834 3970 981 4042 facienda,
1013 3969 1169 4027 materiam
1192 3969 1300 4043 ¹templi
1326 3968 1460 4044 conlapsi

127 4077 312 4148 evehendae,
342 4095 380 4133 ne
408 4074 615 4151 profaneretur
635 4073 753 4149 privato
774 4089 840 4129 usu.
885 4070 922 4128 de
954 4070 1021 4127 aliis
1049 4069 1173 4127 aedibus
1201 4067 1319 4126 refectis
1348 4069 1459 4126 similia

126 4181 206 4238 tradi
233 4196 295 4236 non
320 4175 441 4235 memini
468 4193 516 4232 11
541 4174 649 4249 legere,
677 4174 729 4232 sed
756 4190 875 4230 causam
902 4171 1014 4230 nullam
1035 4170 1122 4229 video
1145 4189 1197 4228 cur
1219 4168 1370 4226 dedicatas
1392 4186 1460 4228 esse

126 4299 243 4358 negem,
270 4279 361 4336 immo
387 4276 600 4353 gravissimum
626 4280 834 4361 argumentum
861 4272 956 4330 habeo
986 4291 1041 4330 cur
1066 4260 1228 4341 adfirmem,
1258 4287 1366 4338 nomen
1394 4268 1458 4328 eius
1536 4285 1541 4297 ·

127 4383 179 4456 qui
200 4379 339 4440 refecerit
359 4376 577 4436 dedicaveritve
599 4375 667 4434 aedi
688 4375 862 4449 inscriptum
884 4391 944 4430 non
965 4373 1064 4431 minus
1087 4390 1176 4448 quam
1190 4370 1254 4428 eius
1278 4369 1328 4444 qui
1346 4370 1458 4427 fecerit.

128 4483 217 4540 fidem
249 4481 380 4539 fortasse
412 4476 573 4553 denegabis
605 4474 756 4552 Dionysio
779 4475 808 4547 9,
839 4475 878 4532 60
911 4473 961 4550 qui
995 4471 1047 4548 Sp.
1080 4473 1270 4533 Postumium
1303 4469 1459 4528 dedicasse

128 4585 234 4642 aedem
260 4581 314 4640 Dii
338 4581 418 4640 Fidii
444 4599 463 4637 a
491 4576 657 4652 Tarquinio
690 4575 818 4651 superbo
850 4575 961 4633 factam
989 4574 1033 4632 sic
1059 4579 1175 4632 narrat:
1208 4567 1369 4654 καθιέρωσε
1397 4567 1458 4648 (rio

130 4679 211 4760 vado)
243 4669 525 4740 κατασκευασθέντα
550 4666 598 4748 μὲν
624 4670 678 4734 rinei
711 4677 766 4733 1117
791 4667 953 4732 τελευταίου
980 4665 1141 4748 βασιλέως,
1174 4675 1226 4744 τῆς
1258 4661 1289 4730 δὲ
1321 4665 1458 4743 νομιζομέ-

129 4808 178 4854 νης
210 4777 289 4867 nopai
312 4774 457 4848 ‘Pandione
485 4768 657 4860 deceptio-swa
683 4771 714 4832 oti
745 4765 878 4852 τυχόντα
910 4770 959 4832 oin’
993 4768 1105 4833 insieco.
1151 4764 1215 4830 ro'rs
1242 4769 1276 4844 dr]
1303 4776 1338 4850 τῇ
1361 4765 1459 4850 βουλῇ

130 4877 224 4966 Sigan
245 4883 258 4942 ὅ
281 4873 438 4948 Ποστᾶμιος
458 4871 566 4944 ἔλαβεν
588 4873 679 4934 αὐτοῦ
698 4870 748 4946 riv
768 4869 944 4958 inappapio:
969 4883 1001 4934 at
1022 4875 1111 4934 fidem
1131 4875 1245 4934 faciunt
1266 4894 1302 4933 ea
1323 4893 1399 4950 quae
1422 4875 1459 4933 da

130 4986 252 5045 nomine
279 4983 315 5058 Q.
339 4982 441 5044 Catuli
462 4979 652 5058 Capitolinae
679 4977 746 5036 aedi
772 4976 916 5052 inscripto
943 4983 973 5034 et
998 4975 1035 5034 de
1055 4976 1267 5053 imperatorum
1288 4976 1458 5035 nominibus

131 5088 171 5144 ob
200 5087 381 5163 singularem
407 5083 584 5144 modestiam
610 5077 734 5138 aedibus
762 5095 781 5136 a
808 5094 841 5136 se
866 5077 986 5136 refectis
1011 5094 1072 5136 non
1096 5077 1249 5154 inscriptis
1278 5077 1458 5154 compluries

132 5188 252 5264 prodita
276 5188 413 5267 legimus.
456 5185 509 5246 sed
540 5184 615 5244 haec
646 5181 747 5240 omnia
777 5197 839 5240 non
864 5197 900 5238 eo
925 5177 1074 5254 pertinent
1104 5189 1138 5240 ut
1168 5179 1274 5239 iterum
1307 5178 1458 5242 dedicatae
