3620 6080
384 576 460 648 234
976 592 1121 645 tonora

382 769 493 845 possit:
526 784 707 842 quamquam
735 767 772 824 de
797 766 855 824 hoc
880 767 1029 852 exemplo,
1048 765 1121 842 quid
1153 765 1342 824 statuendum
1369 765 1409 822 sit
1432 765 1509 823 inira
1533 769 1677 827 accuratius
1761 753 1762 822 l

383 877 552 944 quaeretur.
599 867 726 943 denique
746 867 891 925 habemus
915 867 951 925 de
974 866 1126 926 Fortunae
1150 865 1305 924 muliebris
1328 865 1407 924 sacri
1428 865 1536 943 origiue
1555 869 1678 928 nomadu-

310 1003 314 1012 ·
384 987 452 1026 nem
474 968 563 1047 longe
584 967 793 1044 gravissimam
815 967 895 1043 apud
916 967 1098 1043 Dionysium
1120 967 1148 1040 8,
1172 966 1210 1026 55
1233 984 1259 1025 s.
1303 965 1425 1025 senatus
1449 967 1537 1043 igitur
1558 969 1679 1043 populus·

385 1087 443 1144 quo
471 1067 625 1126 Romanus
652 1068 683 1126 in
711 1069 854 1127 honorem
884 1069 989 1128 matris
1018 1066 1172 1127 Coriolani
1197 1065 1350 1126 Fortunae
1381 1067 1511 1124 muliebri
1539 1067 1629 1126 aedem
1651 1087 1679 1128 eo

383 1167 461 1238 loco,
482 1168 535 1226 ubi
555 1168 610 1226 illa
630 1169 725 1228 filium
743 1169 918 1246 placaverit,
939 1169 1106 1228 faciendam
1121 1176 1300 1227 censuerunt
1320 1157 1431 1234 τέμενος
1450 1189 1480 1223 τι
1501 1163 1600 1236 ὠνηθὲν
1617 1165 1679 1225 καθ·

384 1263 537 1349 repudium
567 1269 603 1346 τῇ
632 1265 698 1344 θεῷ
736 1269 807 1345 (lroe
839 1279 886 1330 est
918 1269 1011 1329 lucum
1043 1271 1264 1329 consecrandum
1289 1268 1354 1327 sive
1381 1268 1574 1344 dedicandum)
1602 1259 1642 1325 καὶ
1659 1269 1680 1326 ἐν

385 1361 464 1442 αὐτῷ
485 1361 552 1424 reuiv
572 1358 621 1426 nui
641 1361 743 1432 βωμδν
765 1368 802 1430 uic
824 1358 859 1426 οἷν
881 1371 904 1427 οἱ
925 1360 1113 1452 ἱερομνῆμονες
1134 1365 1296 1450 ἐξηγῶνται
1318 1364 1552 1438 συντελεσθῆναι.
1580 1368 1682 1428 Valeria

384 1476 501 1526 creatur
522 1469 673 1540 sacerdos,
696 1471 836 1530 mulieres
860 1489 947 1530 saera
966 1472 1065 1547 prima
1085 1471 1200 1529 faciunt
1220 1459 1288 1552 ὑπὲρ
1310 1469 1363 1526 τοῦ
1384 1458 1472 1536 δι’μον
1498 1468 1564 1544 (pro
1579 1470 1680 1546 populo)

385 1609 393 1625 .
418 1612 425 1626 .
448 1558 492 1624 ἐπὶ
518 1569 570 1626 τοῦ
595 1562 887 1630 κατασκευασθέντος
915 1569 943 1628 ἒν
974 1574 1014 1648 τῷ
1041 1563 1145 1638 τεμένει
1176 1562 1282 1637 βωμοῦ
1313 1569 1507 1646 (constitutam
1536 1570 1590 1628 diti
1617 1589 1682 1628 arant

383 1667 469 1742 noia)
491 1659 553 1747 argiv
574 1657 592 1738 ἢ
613 1665 660 1726 adv
681 1665 748 1728 νεών
769 1661 817 1728 nul
839 1666 870 1728 τδ
892 1663 997 1751 ξόανον
1017 1667 1233 1742 ἀνασταθῆναι,
1256 1671 1387 1729 kalendis
1401 1671 1604 1742 Decembribus,
1627 1663 1681 1740 αὕτη
1763 1709 1764 1730 ι

1667 1763 1673 1786 ,
1763 1759 1764 1766 ,

384 1762 442 1850 γὰρ
463 1755 496 1834 {a
517 1764 532 1838 ἦ
553 1759 674 1827 λα’τατα
695 1765 742 1827 τᾶν
761 1762 881 1839 πολεμον
895 1761 994 1855 irrigo·
1016 1771 1135 1848 ἐνιαυτῷ
1156 1760 1186 1828 δὲ
1208 1762 1323 1855 ὕστερον
1338 1761 1457 1854 δευτέρῳ
1479 1765 1548 1838 μετὰ
1566 1767 1609 1842 τὴν
1626 1795 1671 1854 πρυ
1763 1791 1764 1796 ’

384 1887 434 1936 Τήν
456 1860 566 1926 θυσίαν
588 1865 604 1926 ὅ
625 1863 882 1933 καταΐκευασὲἓλς
903 1872 934 1929 ἐκ
957 1864 1094 1942 δημοσίων
1121 1862 1284 1953 (Χξημίέῒων
1310 1865 1377 1932 νεὼς
1401 1862 1586 1941 ffvastds'S‘tt
1606 1895 1631 1928 ΤΕ
1648 1863 1684 1928 καὶ

384 1959 568 2051 καθιερώθη,
585 1973 683 2048 pridie
696 1991 787 2032 nonae
808 1973 958 2044 Quintiles.
991 1974 1097 2032 deinde
1119 1992 1143 2032 c.
1160 1973 1199 2032 56
1222 1981 1361 2032 narratur
1382 1973 1508 2031 alterum
1529 1973 1684 2032 deaesimu-

384 2069 497 2127 lacrum
521 2058 672 2148 (ἄγαλμα)
695 2074 834 2133 mulieres
857 2075 893 2132 de
916 2093 972 2134 sua
992 2076 1120 2151 pecunia
1143 2075 1267 2133 fecisse:
1302 2065 1469 2132 ἀναθέντων
1496 2063 1525 2130 δὲ
1549 2065 1685 2156 ἀμφοτέρων

384 2167 412 2224 ἒν
439 2171 476 2245 τῇ
500 2162 594 2253 πρώτῃ
619 2174 672 2242 τῆς
700 2166 872 2257 ἆνιιροῖτεως
898 2167 984 2257 rittiga
1005 2165 1131 2259 Sdrrpou
1152 2176 1208 2233 τῶν
1230 2165 1437 2257 ἀφιδρυμάτων
1464 2162 1685 2231 ἓκατετκεῦαταν
1764 2247 1765 2262 ρ

386 2271 521 2344 γυναῖκες
556 2264 732 2354 ἐφθέγξατο
765 2279 875 2333 πολλῶν
906 2279 1055 2359 παρουτῶν
1090 2270 1185 2350 φωνὴν
1217 2265 1366 2332 εὖτῦνετον
1404 2265 1455 2332 καὶ
1486 2265 1605 2352 γεγωνόν
1629 2317 1634 2332 .
1656 2315 1686 2332 ..
1764 2273 1765 2326 f

387 2361 454 2444 ὅτιίρ
487 2361 598 2432 πολεων
628 2365 702 2450 νᾶμῳ
735 2379 869 2451 γυναῖκες
901 2369 1024 2451 γαμεταὶ
1057 2367 1200 2433 δεδώκατε
1226 2399 1285 2445 μοι,
1321 2376 1431 2434 deinde
1459 2373 1486 2432 ἓν
1510 2368 1688 2451 μει’ξοινι’φωνῇ

385 2464 417 2526 ad
440 2466 510 2528 adad
533 2463 638 2553 ξοανον
660 2467 836 2558 ἐφθέγξατο
858 2473 907 2548 τὴν
930 2473 1017 2548 αὐτὴν
1038 2468 1116 2559 λε’ξιν
1139 2467 1212 2534 cirre
1234 2465 1318 2547 tandiu
1339 2468 1378 2534 ἔτι
1401 2466 1471 2534 εἶναι
1493 2471 1523 2532 ‘cd
1544 2468 1687 2550 ἆμφιλογον.

387 2589 448 2646 qua
474 2591 507 2630 re
534 2583 687 2651 comperta
712 2585 742 2636 et
769 2587 891 2638 senatus
921 2579 1038 2638 censuit
1059 2571 1171 2638 &velue
1191 2565 1285 2638 datur
1306 2566 1353 2634 uni
1375 2569 1547 2645 οεΒατμούς
1565 2577 1650 2636 facere
1666 2588 1688 2634 et

386 2672 526 2731 mulieres
554 2676 747 2736 decreverunt
771 2698 809 2738 no
834 2681 882 2738 bis
911 2688 1023 2756 nuptae
1049 2697 1176 2738 coronas
1203 2679 1276 2737 deae
1301 2679 1408 2736 darent
1430 2697 1532 2737 eamve
1551 2686 1686 2756 tangerent

387 2771 542 2831 invenerat
568 2777 659 2853 igitur
683 2779 853 2855 Dionysius
879 2781 966 2839 binas
993 2781 1196 2838 narrationes:
1230 2780 1355 2838 alteram
1380 2787 1536 2855 praeterea
1561 2789 1689 2838 servarunt
1765 2787 1766 2800 ¹

388 2871 558 2948 bipertitam
580 2875 692 2936 Festus
716 2878 758 2955 (p.
778 2879 848 2938 242.
871 2879 960 2956 243):
993 2885 1042 2939 oia
1067 2881 1180 2938 Latina
1210 2881 1251 2937 ad
1277 2880 1354 2937 ΙΙΠ
1381 2881 1538 2938 miliarium
1567 2878 1688 2956 (siguum)

387 2971 536 3030 Fortunae
556 2976 700 3036 muliebris
721 2982 805 3054 nefas
827 2993 869 3040 est
888 2986 991 3058 attingi
1012 2985 1069 3040 nisi
1090 2981 1126 3038 ab
1148 3000 1183 3039 ea
1203 2999 1277 3056 quae
1298 2981 1383 3040 semel
1402 2985 1512 3058 nupsit,
1533 2989 1562 3038 et
1576 2979 1690 3038 Valerius

389 3071 541 3132 Maximus
562 3075 606 3151 (l,
619 3077 647 3150 8,
660 3079 709 3154 4):
734 3081 879 3140 Fortunae
901 3086 985 3141 etiam
1005 3083 1151 3140 muliebris
1174 3081 1357 3140 simulacrum
1379 3085 1460 3158 quod
1479 3093 1521 3141 eat
1538 3081 1637 3139 Latina
1653 3083 1691 3136 cia

388 3174 431 3228 ad
450 3174 505 3232 IV
521 3177 676 3237 usiliarium
703 3200 734 3239 eo
763 3191 886 3258 tempore
911 3201 973 3241 eunt
1000 3184 1069 3242 aede
1102 3192 1302 3253 consecratum,
1335 3201 1391 3258 quo
1417 3184 1583 3243 Coriolanus
1608 3181 1638 3238 ab
1656 3199 1691 3237 er·

390 3274 569 3336 cidio.urbia
595 3289 740 3339 maranae
761 3302 862 3358 preces
887 3285 1087 3360 reppulerunt,
1114 3303 1171 3341 non
1196 3285 1281 3342 semel
1307 3285 1357 3342 aad
1382 3285 1424 3342 bis
1448 3285 1566 3342 locuntur
1585 3284 1691 3350 constitit,

387 3377 472 3451 priua
494 3377 539 3434 liis
560 3380 669 3440 uerbis:
696 3386 751 3441 rite
775 3402 818 3442 nae
844 3395 990 3443 mamonae
1018 3386 1136 3442 dedistis
1162 3387 1271 3460 riteque
1299 3386 1455 3444 dedicastis
1487 3384 1551 3460 (ubi
1571 3387 1644 3460 priua
1665 3380 1692 3438 ab

390 3473 512 3533 homine
537 3479 589 3553 qui
615 3489 708 3540 totam
731 3503 794 3542 rem
815 3503 876 3543 non
897 3484 1080 3543 intellexerit
1100 3486 1248 3544 insertum
1270 3503 1337 3544 esse
1358 3486 1475 3543 viderat
1497 3484 1590 3555 Tora,
1606 3483 1692 3558 priscis

391 3576 471 3649 quod
493 3578 648 3640 substituit
667 3583 806 3644 Halmius
827 3604 890 3644 non
911 3586 1070 3661 intellego:
1094 3586 1167 3662 quid
1188 3587 1267 3645 enim
1288 3587 1379 3662 prisci
1400 3586 1546 3644 sermonis
1566 3586 1595 3643 in
1615 3583 1692 3640 verbis

389 3673 496 3751 illisi).
540 3680 628 3740 huius
656 3687 838 3772 narrationis
864 3687 925 3744 vim
952 3686 1121 3762 Dionysius
1147 3705 1268 3762 pessum
1296 3687 1377 3745 dedit
1403 3705 1460 3744 suo
1486 3693 1579 3744 marte
1602 3685 1648 3754 ita,
1669 3687 1694 3738 nt

391 3773 477 3839 deam
492 3797 552 3838 non
566 3781 609 3839 ibi
631 3801 650 3839 a
664 3786 840 3846 mulieribus
863 3796 1068 3845 consecratam
1089 3787 1210 3858 faceret,
1231 3787 1282 3845 ubi
1303 3787 1411 3845 iterum
1433 3789 1528 3846 verba
1546 3787 1598 3844 illa
1615 3785 1694 3842 locuta

391 3883 470 3933 esset
492 3877 576 3953 (nam
597 3882 687 3942 huius
709 3886 805 3962 ipsius
827 3888 871 3946 rei
892 3905 963 3964 ergo
985 3895 1078 3946 totam
1100 3907 1163 3946 rem
1185 3888 1301 3946 narrari
1322 3887 1409 3946 docet
1424 3887 1563 3948 Valerius
1579 3883 1694 3960 exemplo

391 3993 427 4032 eo
450 3979 529 4052 quod
550 3985 726 4063 praecedit),
759 3989 813 4047 sed
838 3989 965 4048 alterum
992 3989 1187 4048 simulacrum
1214 3989 1340 4064 fingeret
1364 3989 1412 4047 bis
1437 3989 1530 4066 loqui,
1560 3988 1655 4045 iterum
1674 3981 1694 4038 ἔν

391 4069 493 4146 μείζονι
516 4085 598 4160 φωνῇ
618 4076 692 4143 cirre
712 4077 797 4158 μηδὲν
817 4080 857 4146 ἔτι
880 4078 948 4146 εἶναι
970 4082 1147 4165 duodenos:
1175 4089 1292 4148 scilicet
1313 4109 1380 4148 cum
1402 4089 1529 4164 primum
1549 4089 1695 4164 loqueretur

391 4179 533 4239 mulieres
561 4184 598 4242 de
624 4205 708 4246 more
732 4189 812 4248 inter
840 4209 873 4250 se
899 4191 1065 4268 garrientes
1098 4191 1138 4248 ad
1163 4191 1293 4248 divinam
1326 4209 1430 4272 vocem
1455 4209 1515 4249 non
1541 4183 1694 4248 arundissel

391 4277 448 4338 has
469 4281 598 4358 ineptias
620 4305 687 4346 esse
710 4289 852 4366 Dionysii
877 4311 932 4350 neo
960 4292 1094 4368 potuisse
1124 4290 1214 4351 scribi
1239 4291 1271 4348 in
1297 4292 1519 4351 commentariis
1548 4285 1695 4368 pontificiis,

392 4391 526 4457 apparet.
567 4403 660 4461 quare
681 4408 748 4448 cum
774 4392 858 4450 dicit:
891 4387 940 4458 τὴν
963 4382 1130 4466 ἐπιφάνειαν
1150 4387 1213 4448 κατ’
1237 4390 1338 4448 ἐκεῖνον
1359 4387 1407 4448 τδν
1429 4383 1533 4475 (χρονον
1555 4387 1612 4468 οὐχ
1630 4377 1695 4460 ἅπαξ

393 4477 471 4538 ἄλλα
494 4476 535 4544 dir
563 4485 622 4561 (sic
642 4488 792 4568 Urbinas)
816 4487 852 4551 uir
873 4492 902 4548 αἲ
923 4493 981 4549 τῶν
1002 4491 1175 4575 ἱεροφαντῶν
1196 4482 1362 4576 περιέχουσι
1385 4483 1497 4576 (γραφαὶ
1520 4536 1527 4552 .
1549 4534 1557 4550 .
1580 4536 1587 4550 .
1607 4486 1697 4548 indicii

393 4583 497 4643 eadem
517 4587 573 4646 illa
593 4607 670 4666 quae
691 4593 823 4651 breviter
843 4592 983 4652 Valerius
1004 4593 1094 4652 habet
1115 4593 1159 4668 (ct
1180 4601 1252 4651 nota
1273 4611 1404 4670 congrua
1424 4593 1503 4670 apud
1523 4593 1606 4652 illum
1624 4585 1697 4646 uerba

393 4700 450 4740 non
464 4689 548 4746 semel
561 4693 613 4749 aed
626 4692 683 4769 bis)
705 4693 806 4768 paullo
827 4695 975 4772 prolixius
997 4702 1119 4752 narrata
1140 4694 1221 4770 apud
1243 4695 1396 4754 annalium
1423 4696 1594 4772 scriptorem
1614 4685 1696 4748 nescio

393 4797 492 4855 ‘luem’
519 4788 572 4860 qui
597 4793 819 4866 pontificiorum
843 4775 1193 4854 librorum'meutionem
1214 4795 1375 4868 iniecisset,
1395 4795 1505 4872 legisse
1526 4804 1556 4854 et
1575 4811 1612 4852 ex
1630 4793 1697 4866 parti

397 4897 458 4936 non
471 4882 670 4965 intellexisse,
693 4906 832 4972 exparte
852 4898 895 4956 ita
909 4905 941 4956 ut
960 4897 1024 4956 dixi
1044 4897 1231 4969 immutasse,
1252 4915 1443 4975 nepugnare
1463 4897 1626 4955 viderentur
1644 4903 1697 4946 oum

396 4979 493 5038 altera
510 4984 563 5044 illa
582 4993 685 5067 templi
706 4997 831 5076 originis
846 4999 972 5058 historia
993 5018 1031 5057 ex
1053 4999 1113 5058 alio
1134 4998 1218 5056 fonte
1238 4999 1342 5075 petita,
1364 4999 1450 5058 ouius
1471 5004 1572 5056 auctor
1592 4994 1625 5051 de
1644 5003 1696 5048 con·

396 5079 501 5139 stituto
527 5083 570 5142 ibi
596 5089 755 5156 simulacro
780 5101 833 5159 ubi
858 5101 966 5158 iterum
992 5107 1073 5159 esset
1098 5099 1230 5158 locutum
1251 5099 1327 5158 nihil
1347 5099 1518 5158 tradiderat.
1561 5094 1611 5155 sed
1628 5091 1651 5148 is
1669 5086 1697 5143 de

395 5178 501 5242 diebus
527 5197 665 5251 scemate
690 5199 855 5261 rettuderat.
881 5209 915 5259 ut
935 5200 1063 5260 dubitari
1086 5191 1145 5259 non
1170 5201 1269 5277 possit
1290 5200 1442 5261 Fortunae
1462 5195 1595 5259 muliebri
1614 5193 1641 5250 in
1659 5185 1697 5244 tis
