3546 6062
304 618 353 688 94
864 627 1064 681 wmuartus

302 807 438 887 legiones
458 803 564 866 iisdem
586 801 693 862 castris
715 799 944 878 haberentur1).
987 800 1023 860 Id
1044 819 1164 878 quoque
1185 801 1243 860 huc
1263 801 1351 874 lacit,
1373 804 1453 878 qnod
1476 803 1548 866 Sex.
1572 806 1636 864 Au·

301 912 400 970 lienus
422 907 466 984 (n.
483 905 516 982 t)
538 913 663 964 vocatur
679 904 844 980 praesecata
865 911 1024 961 ammarum
1043 895 1231 978 Imperatoria
1247 903 1380 962 Caesarie
1402 905 1529 982 Augusti
1548 917 1574 965 et
1590 907 1636 964 Tr.

305 1013 443 1072 Caesaris
467 1005 593 1084 Augusti
600 1025 610 1076 ς
634 1004 726 1082 legati
752 1004 831 1064 enim
859 1003 1034 1080 prouinciae
1062 1009 1092 1062 et
1117 1003 1262 1080 legionis,
1290 1015 1501 1080 procuratores
1523 1008 1636 1084 aliique

302 1112 497 1190 magistratus
524 1109 563 1168 ab
583 1106 766 1182 Imperatore
792 1105 885 1164 creati
912 1105 1000 1182 eique
1021 1105 1081 1182 ipsi
1103 1105 1217 1164 subditi
1238 1106 1318 1164 band
1338 1125 1407 1164 raro
1429 1118 1573 1168 vocantur
1595 1110 1637 1167 le-

302 1217 378 1292 patt,
403 1217 606 1290 procuratores
632 1218 681 1266 act.
704 1206 890 1282 Imperatoria
911 1205 1007 1266 illias:
1035 1206 1087 1264 vix
1108 1215 1207 1264 autem
1228 1225 1360 1284 unquam
1381 1209 1439 1266 hoc
1460 1209 1550 1268 modo
1573 1210 1637 1268 lm-

302 1312 451 1394 peratoris
473 1327 582 1368 nomen
602 1307 766 1368 tribunatui
788 1308 930 1382 militum,
957 1307 1164 1384 praefecturae
1185 1307 1319 1368 cohortis
1341 1308 1459 1382 alaeve,
1485 1311 1637 1368 centurio-

303 1417 423 1476 natibus
444 1412 616 1474 adiunctum
638 1408 781 1487 reperies.
823 1407 871 1468 Ne
892 1426 965 1468 vero
986 1408 1060 1467 mibi
1081 1426 1229 1485 opponas,
1250 1407 1333 1485 quod
1348 1407 1525 1469 Caetronius
1547 1411 1637 1470 Pisa·

303 1535 377 1589 nus,
404 1514 615 1574 Africanorum
641 1519 810 1569 castrorum
834 1509 1020 1588 praefectus,
1047 1509 1132 1568 iussu
1156 1509 1248 1586 legati
1268 1509 1397 1587 legionis
1415 1510 1527 1571 Valerii
1548 1511 1637 1571 Festi

303 1619 334 1678 iu
348 1615 468 1678 vincula
488 1613 634 1674 conicitur
655 1609 784 1687 (n.‘20)r
806 1621 836 1670 et
856 1611 989 1690 legatum
1010 1610 1138 1687 legionis
1152 1611 1202 1670 Ill
1216 1612 1375 1688 Augustae
1396 1612 1487 1671 simul
1501 1613 1636 1692 legatum

302 1717 477 1797 provinciae
496 1711 766 1774 luisseNumidiae
786 1727 864 1788 quae
885 1719 991 1790 postea
1011 1712 1092 1772 dicta
1112 1721 1169 1784 est,
1190 1719 1396 1786 constat,.neo
1417 1713 1565 1772 eiusmodi
1582 1734 1638 1773 ex·

302 1820 464 1898 plicatione
485 1816 534 1874 hic
555 1831 689 1890 egemus:
719 1814 825 1874 eodem
846 1814 925 1874 enim
947 1820 1115 1894 praetextu,
1136 1830 1196 1889 quo
1218 1812 1362 1872 Pisanum
1383 1816 1500 1889 vinciri,
1522 1815 1638 1874 Festus

302 1923 445 1981 Pisonem
463 1918 585 1978 Africae
606 1916 818 1996 proconsulem
839 1914 966 1974 interfici
987 1914 1088 1986 iussit,
1107 1915 1162 1990 qui
1182 1914 1288 1992 procul
1309 1913 1400 1974 dubio
1421 1917 1485 1976 eiua
1506 1917 1637 1994 imperio

303 2022 439 2082 subditus
461 2039 521 2079 non
543 2029 615 2080 erat.

385 2123 518 2182 Abseute
543 2129 641 2182 autem
668 2119 770 2196 legato
791 2117 968 2195 plerumque
989 2116 1071 2176 vices
1093 2117 1159 2175 eius
1180 2116 1351 2195 suscepisse
1373 2118 1500 2180 videtur.
1543 2119 1637 2178 Taci-

302 2234 352 2284 tus
373 2223 451 2282 enim
473 2229 576 2282 namot
597 2221 640 2297 (n.
658 2220 712 2297 15)
733 2219 878 2278 Poenium
892 2218 1070 2277 Postumum
1092 2218 1276 2294 praelectum
1295 2226 1463 2280 castrorum
1485 2220 1638 2279 secundae

302 2325 431 2404 legionis
461 2323 543 2382 bello
575 2322 765 2392 Britannico,
796 2319 925 2397 coguitis
955 2319 1294 2396 quartadecumanorum
1326 2320 1638 2400 vicesimanorumque

301 2425 457 2504 prosperis
478 2424 582 2496 rebus,
608 2423 679 2501 quis
699 2422 765 2500 pari
786 2421 884 2499 gloria
901 2420 1051 2498 legionem
1079 2437 1165 2480 suam
1192 2420 1395 2481 fraudavisset
1420 2423 1637 2500 abnuissetque

302 2534 408 2587 contra
427 2526 516 2585 ritum
538 2525 662 2584 militiae
684 2525 767 2584 iussa
788 2522 873 2582 ducis
895 2519 1031 2583 Suetonii
1052 2520 1183 2592 Paulini,
1208 2521 1300 2600 legati
1320 2524 1492 2600 provinciae
1513 2524 1637 2583 Britan-

302 2629 384 2702 niae,
399 2627 511 2706 .ipsnm
537 2643 571 2684 se
596 2625 698 2704 gladio
723 2624 918 2702 transegisse.
960 2621 1089 2682 Videtur
1115 2622 1208 2700 igitur
1230 2623 1312 2702 legio
1333 2625 1465 2684 secunda
1485 2625 1538 2684 illo
1559 2635 1636 2684 tem-

302 2748 375 2808 pore
400 2728 530 2805 legatum
557 2744 618 2785 non
642 2725 798 2786 habuisse:
825 2743 915 2802 quem
937 2725 963 2784 si
984 2723 1153 2796 habuisset,
1180 2724 1207 2784 ei
1230 2723 1393 2786 Suetonius
1415 2727 1563 2803 imperare
1585 2727 1636 2786 de-

301 2831 405 2903 bebat,
434 2838 467 2888 nt
494 2828 642 2906 legionem
671 2826 833 2886 adduceret
857 2827 982 2902 eiusque
1009 2831 1075 2885 erat
1101 2824 1149 2883 rel
1176 2825 1304 2886 obedire¹
1323 2827 1373 2886 vel
1401 2829 1544 2887 abnuere:
1573 2829 1634 2888 iam

302 2952 371 2991 oum
396 2929 547 3006 praelecto
572 2935 741 2986 castrorum
765 2928 891 3004 imperet
912 2927 997 3002 isque
1018 2925 1163 2986 detrectet
1183 2926 1282 2999 iussa,
1309 2913 1378 2986 inde
1400 2948 1467 2987 enm
1488 2931 1635 2997 vicarium

302 3032 394 3110 legati
413 3031 509 3090 fuisse
530 3037 665 3106 apparet.
708 3027 785 3088 Item
805 3027 885 3086 bello
898 3026 1062 3086 Vitelliano
1084 3025 1230 3086 seditione
1251 3028 1413 3090 incastris
1434 3039 1541 3089 exorta
1564 3050 1633 3091 eum

302 3133 418 3192 Valens
446 3131 565 3208 legatus
594 3129 697 3190 servili
725 3135 809 3188 veste
837 3127 916 3204 apud
944 3128 1135 3188 decurionem
1163 3128 1294 3206 equitem
1324 3129 1431 3202 latest,
1463 3132 1633 3209 praelectus

302 3243 470 3294 casuorum
493 3249 642 3290 summum
663 3238 745 3290 tenet
765 3230 921 3307 imperium
943 3227 987 3305 (u.
1001 3229 1064 3306 17).
1096 3230 1237 3306 Denique
1257 3230 1290 3290 in
1304 3232 1445 3310 Aegypto
1465 3234 1633 3308 praefectos

302 3344 468 3396 castorum
489 3333 657 3409 legatorum
677 3333 778 3392 locum
801 3331 966 3390 obtinuisse
987 3347 1081 3408 supra
1102 3331 1382 3392 demonstravimus.

385 3435 585 3496 Centuriones
611 3433 781 3510 militesque
802 3431 924 3492 obedire
944 3431 1037 3490 iussis
1058 3432 1201 3507 praefecti
1223 3441 1390 3492 castrorum
1411 3433 1566 3507 debuisse,
1594 3456 1632 3495 ex

302 3537 483 3598 testimoniis
515 3553 608 3612 supra
637 3534 741 3594 relatis
774 3540 907 3604 constat;
943 3532 1081 3591 tribunos
1114 3533 1157 3607 ei,
1190 3533 1241 3592 ubi
1273 3535 1402 3595 vicarius
1433 3535 1525 3613 legati
1557 3547 1632 3609 erat,

301 3639 439 3717 paruisse
471 3637 662 3696 manifestum
694 3644 755 3707 est3
787 3652 1003 3712 usquequaque
1034 3653 1104 3693 num
1136 3653 1243 3724 parere
1275 3654 1327 3696 eos
1359 3638 1540 3714 oportuerit,
1572 3657 1631 3697 non

301 3739 442 3800 diiudico.

385 3837 556 3899 Officialem
578 3838 669 3897 habet
690 3837 920 3898 cornicularium
943 3835 986 3912 (n.
1003 3835 1053 3894 47.
1068 3834 1133 3912 48).

383 3939 492 3998 Restat
517 3945 550 3996 ut
571 3945 739 4014 quaeratur,
764 3956 842 4014 quae
863 3935 929 3996 eius
950 3935 1060 3999 fuerint
1080 3955 1203 3996 munera
1223 3937 1391 4014 officiaque.
1434 3941 1481 3998 Aa
1502 3941 1630 4017 primum

301 4040 421 4119 quidem
442 4039 561 4116 vigilias
586 4049 617 4098 et
637 4040 783 4098 stationes
805 4039 950 4114 disponit,
977 4047 1010 4097 ut
1031 4039 1179 4097 obeantur
1199 4057 1219 4096 a
1239 4039 1462 4100 centurionibus
1483 4043 1630 4120 providet,

301 4144 389 4220 signa
415 4141 486 4200 tuba
507 4140 572 4199 deri
593 4141 689 4212 iubet,
717 4140 826 4216 quibua
842 4139 936 4198 smiles
957 4139 997 4198 ad
1016 4138 1101 4198 varia
1122 4140 1226 4199 munia
1246 4138 1384 4199 facienda
1404 4143 1499 4201 cietur
1518 4143 1563 4219 (n.
1582 4147 1628 4204 17.

299 4244 365 4319 40).
408 4243 458 4303 Ad
485 4241 668 4322 praefectum
694 4249 852 4300 castrorum
876 4243 997 4317 positio,
1024 4239 1099 4298 ualli
1123 4250 1150 4299 ct
1161 4242 1264 4316 sotsac
1284 4245 1442 4301 aestimatio
1458 4247 1627 4319 pertinebat.

303 4343 499 4404 Tabernaculu
530 4343 575 4402 uel
605 4361 689 4402 casae
714 4344 836 4401 militam
861 4361 924 4401 cum
950 4343 1154 4420 inpedimentis
1179 4342 1307 4402 aarum
1332 4352 1402 4402 nata
1426 4347 1521 4420 ipatus
1547 4365 1628 4404 cura-

376 4629 400 4693 1)
427 4631 557 4684 Lucienus
574 4629 624 4688 adr
643 4626 685 4680 δεῖ
701 4627 753 4681 lar.
774 4645 860 4698 συῃρ.
876 4632 919 4692 al,
934 4631 969 4680 30
987 4635 1122 4696 postquam
1141 4631 1293 4695 perstrinxit
1311 4645 1364 4694 eos,
1385 4633 1428 4698 qui
1446 4633 1556 4698 poeticis
1574 4649 1628 4684 ver·

300 4721 340 4772 bis
359 4727 465 4772 utuntur
483 4723 511 4772 in
529 4723 637 4774 historia
655 4723 804 4785 scribenda,
827 4723 886 4773 illos
906 4736 1007 4788 qnoque
1025 4721 1166 4788 vituperat,
1186 4723 1230 4788 qui
1248 4723 1380 4774 vocabulis
1399 4725 1510 4774 exilibus
1530 4731 1556 4774 et
1574 4726 1627 4774 vnl-

298 4811 402 4876 guribus
421 4827 536 4878 quaeqae
554 4828 569 4863 e
588 4815 763 4868 mendicorum
782 4813 966 4866 consuetudine
985 4811 1078 4862 hausta
1096 4819 1170 4878 putes
1188 4829 1242 4864 nun
1259 4813 1411 4876 abstineant,
1431 4816 1629 4882 exemplumque

299 4903 427 4952 eiusmodi
445 4903 571 4954 sermonis
589 4905 753 4969 improbandi
771 4905 855 4957 adfert
868 4905 960 4954 verba:
981 4899 1124 4952 interme
1144 4895 1158 4953 ὅ
1176 4891 1400 4978 στρατοπιδᾶρχης
1413 4903 1447 4970 τῷ
1463 4901 1547 4974 κυρίῳ.
1579 4908 1628 4958 Ubi

299 5009 350 5058 qno
375 4993 538 5058 potissimum
556 4997 584 5046 in
602 4995 681 5045 verbo
698 4998 810 5062 positum
830 4997 865 5047 sit
883 4997 986 5060 vulgare
1005 4995 1083 5056 illud,
1109 4996 1217 5046 multum
1234 4996 1370 5061 litigarunt
1387 4999 1437 5047 viri
1456 4998 1539 5048 docti:
1565 4998 1626 5048 mibi

297 5085 427 5136 Lucienus
445 5086 591 5150 vituperare
609 5086 724 5150 videtur,
749 5089 818 5154 qnod
842 5103 889 5152 pro
914 5073 1053 5153 crparqya'r
1070 5086 1111 5135 rel
1131 5077 1304 5155 στρατηλᾶτης
1325 5088 1421 5139 dietum
1441 5091 1474 5138 sit
1493 5105 1626 5156 στρατοπε.

299 5162 411 5246 δέρχης,
437 5191 484 5242 pro
506 5165 662 5246 airaupairup
680 5178 722 5228 vel
740 5178 843 5246 Καῖσαρ
863 5177 1013 5228 vocabulum
1033 5177 1113 5242 seruis
1132 5185 1230 5229 tantum
1251 5181 1406 5230 conveniens
1424 5168 1514 5249 aliptae.
1552 5179 1626 5232 uerte

298 5256 523 5338 στρατοπιδᾶρχης
541 5263 591 5319 boc
609 5270 668 5320 loco
686 5283 738 5320 non
758 5277 796 5319 est
813 5271 956 5334 praelectus
976 5273 1125 5321 eremorum.
