3568 6070
292 569 365 642 212
839 581 1068 647 meanvaunr

289 687 444 702 unua-—

289 767 415 820 uantur.
441 755 595 833 ¹Quorum
621 757 652 816 in
679 757 774 816 altaro
800 755 849 834 (0.
865 757 889 816 l.
907 755 961 818 Gr.
983 777 1012 816 ιι.
1028 756 1126 833 4016)
1148 755 1185 816 Τ.
1214 755 1262 815 rt.
1285 753 1423 840 Gaianas
1450 755 1622 834 appellatur

289 849 520 938 ἇγιιινοθιτῆτας
541 849 595 931 tic,
617 860 669 916 τνῶ
689 881 719 916 τι
739 859 834 916 κοινοῦ
853 861 909 916 τῶν
922 859 1063 916 Γαλατῶν
1085 848 1134 916 καὶ
1154 859 1209 914 τῶν
1230 856 1307 939 ἱερῶν
1324 847 1445 934 α’γῶνων
1459 859 1515 916 τῶν
1528 846 1625 934 myri-

289 969 346 1020 λνιν
358 953 563 1031 Ἀσκληπιείων
574 951 712 1028 ’tribulato
726 952 846 1017 Πυθίων
866 950 915 1016 καὶ
936 946 1087 1042 ἆρχιερεῶς
1108 960 1160 1016 τοῦ
1179 960 1272 1018 κοινοῦ
1291 960 1346 1016 τῶν
1360 961 1509 1026 Γαλατῶν,
1523 963 1625 1016 Γαλα-

290 1053 415 1146 τιὶρχηι,
436 1039 704 1138 {alienantium
726 1060 757 1120 in
778 1061 871 1120 altero
894 1057 943 1136 (G.
958 1060 984 1120 Ι.
1000 1059 1055 1122 Gr.
1077 1079 1106 1120 u.
1123 1059 1220 1136 4031)
1242 1060 1349 1120 Aelius
1363 1059 1490 1120 Macedo
1513 1060 1624 1120 dicitur

290 1155 537 1249 ἆρχιιρατνὲμινις
557 1165 609 1220 τοῦ
628 1163 719 1219 κῶνον
742 1164 795 1218 τῶν
816 1163 965 1228 Γαλατῶν,
985 1151 1193 1244 retorsimus,
1215 1151 1460 1236 σεβαττοφῶντητ
1482 1155 1531 1218 διὰ
1551 1153 1623 1226 Βίου

290 1268 345 1323 τῶν
373 1260 454 1322 θεῶν
479 1255 656 1328 'Eetioneia
696 1261 766 1321 Non
795 1262 917 1322 dubium
947 1271 1007 1334 est,
1035 1263 1109 1339 quin
1138 1263 1169 1321 in
1199 1263 1299 1338 priore
1324 1263 1517 1339 potissimum
1545 1282 1625 1322 vana
1701 1278 1704 1282 ·

289 1367 363 1427 insit
383 1366 613 1426 honorificarum
636 1364 871 1442 appellationum
893 1363 1063 1434 cumulatio.
1100 1363 1180 1424 Nam
1203 1364 1228 1422 si
1252 1362 1436 1424 Galatareha
1456 1365 1513 1422 luit
1528 1360 1622 1425 Gaia·

290 1486 365 1540 nus,
391 1467 449 1526 fuit
474 1467 563 1525 etiam
590 1456 776 1542 ἀγωνοθέτης
802 1483 898 1540 neque
924 1465 955 1525 id
977 1467 1138 1541 separatim
1159 1485 1232 1542 prae
1254 1483 1287 1524 se
1308 1465 1386 1526 ferre
1407 1465 1516 1550 debuit
1561 1464 1624 1526 Sed

290 1579 405 1629 ceteras
428 1567 587 1646 dignitates
609 1575 688 1626 recte
711 1565 957 1642 distinguet,.qui
979 1567 1156 1640 meminerit,
1178 1566 1215 1624 ad
1231 1566 1430 1626 sacerdotium
1444 1567 1624 1643 provinciae

290 1671 439 1729 neminem
459 1668 634 1745 pervenisse
655 1667 713 1726 uisi
734 1668 786 1742 qui
807 1668 839 1725 in
853 1684 910 1726 sua
924 1667 1045 1726 civitate
1060 1667 1199 1726 omnibus
1215 1667 1378 1726 honoribus
1393 1668 1513 1728 functus
1528 1662 1622 1727 esset.

291 1768 342 1831 Sic
363 1770 511 1848 Euryelos
538 1769 590 1828 ille
616 1768 697 1844 apud
718 1768 922 1846 Waddington
938 1788 980 1827 n.
997 1767 1075 1827 2741
1107 1769 1236 1846 primum
1263 1769 1320 1830 fuit
1345 1762 1496 1852 ἁρχιιρεὸι
1515 1761 1620 1830 Ἀσίας

290 1872 432 1929 audoenio
447 1869 475 1928 ἐν
490 1862 611 1953 Σμύρνῃ,
632 1869 736 1930 deinde
759 1870 931 1948 designatus
953 1877 1001 1929 est
1021 1863 1174 1953 ἆρχιεριιῖι
1187 1872 1238 1942 τῆς
1250 1861 1360 1928 Ἀσίας.
1395 1869 1511 1954 Eodem
1529 1870 1623 1929 modo

284 1981 320 2056 et
342 1972 480 2035 Gaianas
502 1979 532 2032 et
552 1971 679 2032 Macedo
700 1971 829 2048 primum
850 1971 933 2030 fuere
954 1962 1204 2048 Σεβαπιφάνται
1226 1964 1274 2029 διὰ
1294 1963 1379 2038 βίον,
1400 1973 1420 2032 i.
1435 1964 1470 2031 ιι.
1484 1973 1624 2032 flamines

221 2085 224 2091 ⁴
290 2074 425 2153 perpetui
453 2075 583 2134 civitatis
605 2075 758 2149 Ancyrae,
786 2072 892 2130 deinde
913 2071 985 2144 facti
1006 2081 1075 2132 sunt
1096 2068 1238 2155 ἀρχιερεῖς
1258 2075 1311 2130 τοῦ
1330 2075 1424 2130 κοινοῦ
1443 2075 1497 2130 τῶν
1518 2077 1620 2130 Γαλα-

289 2179 360 2243 τῶν,
384 2176 417 2234 id
443 2183 490 2235 est
516 2175 689 2234 sacerdotes
710 2174 814 2252 templi
835 2173 916 2232 illius
939 2174 1138 2244 celeberrimi,
1164 2173 1244 2249 quod
1267 2175 1406 2251 Ancyrae
1428 2184 1624 2234 exstruxerat

289 2272 433 2336 τδιιιινδν
455 2277 607 2343 Γαλατῶν,
632 2276 768 2351 talesque
794 2275 899 2352 templi
927 2274 1098 2352 sacerdotes
1126 2275 1317 2352 intelligendi
1333 2285 1415 2348 sunt,
1441 2277 1541 2353 qualis
1562 2277 1625 2335 fuit

289 2373 443 2462 ἅρχιερεῦς
462 2370 563 2439 'Ao-ior
584 2378 655 2438 ναοῶ
675 2367 729 2433 rori
748 2374 776 2432 ἐν
796 2366 909 2451 'Epicur
930 2377 1025 2433 κοινοῦ
1045 2377 1095 2445 τῆς
1114 2368 1216 2451 Ἄσίας
1242 2387 1272 2436 et
1296 2378 1400 2450 ceteri,
1428 2395 1506 2458 quos
1527 2395 1626 2454 supra

289 2481 507 2553 recensuimus;
529 2487 683 2557 postremo
704 2477 795 2536 creati
818 2485 889 2537 suut
910 2475 1120 2562 Galatarcbae,
1143 2485 1176 2536 ut
1198 2478 1273 2538 nihil
1294 2479 1325 2538 in
1346 2479 1394 2538 his
1415 2479 1622 2556 inscriptioni·
1703 2533 1711 2538 .

288 2586 344 2644 bus
365 2582 543 2652 inveniatur,
565 2579 646 2657 quod
667 2598 751 2640 meae
772 2579 1070 2657 sententiae'opponi
1092 2580 1199 2656 possit.
1237 2577 1298 2640 Sed
1319 2581 1393 2639 baec
1415 2579 1564 2639 sufficiant
1581 2581 1623 2640 de

288 2685 434 2744 Asiaticis
454 2683 627 2761 provinciis.

374 2786 422 2844 18.
466 2783 576 2844 Caura
598 2802 665 2842 cum
681 2781 866 2842 cruentior
887 2771 1045 2843 coniuncta
1065 2783 1122 2842 luit
1143 2801 1236 2860 usque
1258 2784 1295 2842 ad
1311 2768 1542 2856 Diocletianum,
1565 2786 1623 2843 sed

170 2940 173 2946 .
289 2903 376 2946 suum
395 2879 484 2944 κινῶν
505 2885 620 2956 habuit,
646 2883 731 2943 cuius
751 2903 860 2948 nemen
881 2885 1057 2961 inscriptum
1080 2894 1127 2944 est
1147 2887 1277 2946 nummis
1299 2883 1487 2946 Cretensium
1508 2886 1578 2946 inde
1600 2905 1623 2944 a

289 2987 413 3046 Tiberio
433 3005 530 3064 usque
552 2987 589 3044 ad
606 2985 647 3044 M.
658 2985 829 3044 Aurelium.
867 2986 967 3046 Etiam
989 2993 1059 3064 post
1073 2986 1297 3046 Diocletianum
1317 2987 1349 3045 in
1370 2987 1622 3064 inscriptionibus

288 3089 415 3148 habetur
426 3076 600 3170 Κρητῶρχης
621 3084 670 3160 (O.
686 3086 710 3144 Ι.
725 3085 779 3146 Gr.
795 3107 824 3145 n.
838 3086 945 3162 2744),
968 3082 1058 3146 neruda
1072 3089 1127 3144 τῶν
1142 3087 1254 3169 Κρητῶν
1276 3087 1330 3162 (ib.
1347 3107 1376 3145 n.
1391 3087 1497 3164 2583),
1520 3077 1621 3166 δι’·γμα

287 3188 339 3247 rad
357 3189 451 3247 κοινοῦ
471 3189 521 3258 τῆς
542 3188 655 3267 Κρητῶν
676 3179 822 3268 ἐπαρχίας
844 3188 887 3264 (ιι.
904 3187 1014 3264 2595),
1038 3178 1136 3265 δόγμα
1156 3190 1208 3246 τιν’
1228 3189 1322 3246 κοινοῦ
1342 3178 1438 3257 πάσης
1459 3191 1509 3260 τῶι
1529 3189 1620 3274 ἐταρ-

288 3283 362 3368 χῖαι
384 3291 426 3366 (n.
443 3289 534 3350 2596.
556 3287 662 3364 2597).
706 3289 900 3350 Memorabile
927 3297 985 3361 est,
1012 3289 1092 3368 quod
1118 3291 1150 3350 in
1175 3291 1264 3348 inser.
1286 3309 1316 3347 n.
1332 3288 1412 3349 2583
1436 3309 1622 3351 commemo-

286 3399 370 3450 ratur
395 3385 465 3475 ἱερός
486 3384 567 3467 dyeia
588 3384 801 3472 πενταετηρικδς
821 3391 873 3447 τοῦ
892 3391 986 3447 nervosi
1006 3392 1061 3447 τῶν
1082 3392 1197 3474 Κρητῶν
1223 3409 1262 3450 ex
1287 3409 1346 3466 quo
1375 3392 1442 3468 quis
1469 3392 1619 3466 conficiat,

287 3493 391 3570 quinto
417 3510 536 3569 quoque
564 3510 643 3550 anno
672 3491 830 3550 concilium
858 3489 1045 3552 Cretensium
1075 3509 1144 3550 essa
1169 3491 1312 3550 habitum.
1357 3491 1404 3552 De
1431 3490 1620 3571 Cyrenaicae

287 3593 414 3652 concilio
435 3593 510 3652 nihil
530 3601 634 3652 notum
655 3601 710 3652 est.

373 3696 427 3755 19.v
464 3694 642 3753 Ριιονιιιοιιι
662 3693 898 3764 insonnem,
920 3711 997 3770 quae
1019 3693 1138 3770 etipsa
1159 3695 1216 3753 sub
1237 3694 1430 3754 Diocletiano
1451 3698 1618 3758 constituta

286 3804 347 3868 est,
372 3783 483 3854 'nomeu
510 3795 601 3853 habet
626 3813 645 3850 a
670 3794 796 3854 concilio
824 3794 913 3852 trium
939 3793 1105 3866 civitatum,
1132 3795 1170 3853 ad
1197 3796 1277 3871 quod
1298 3797 1486 3872 pertinebant
1506 3795 1616 3874 Leptis

276 3915 409 3975 magna,
442 3894 521 3969 Oea,
554 3893 698 3966 Sabrata,
717 3951 718 3956 ,
730 3903 885 3972 praeterea
919 3902 1017 3954 autem
1046 3895 1157 3974 oppida
1184 3896 1338 3974 complura
1363 3897 1487 3957 minora.
1537 3900 1615 3960 Eius

285 3997 403 4057 concilii
424 4005 531 4074 quarto
552 3997 642 4055 etiam
664 3997 785 4056 saeculo
806 3996 941 4056 meminit
954 3995 1133 4057 Ammianus
1153 3995 1203 4070 28,
1220 3997 1248 4070 6,
1265 3997 1297 4056 l:
1323 3999 1556 4075 Tripolitani-
1574 4035 1615 4045 -

284 4100 409 4176 odlopao
432 4100 556 4175 lopitimo
577 4099 623 4157 die
645 4099 768 4168 euantii,
790 4099 868 4174 quod
888 4099 970 4174 opud
989 4117 1036 4157 eor
1058 4109 1100 4157 oet
1119 4117 1253 4171 annuum,
1277 4097 1410 4164 Severum
1432 4101 1609 4162 etFloccic·

282 4198 351 4261 narb
371 4219 499 4260 nouom
520 4199 636 4275 lepotor.
793 4183 798 4192 ’

369 4297 417 4360 20.
461 4298 584 4360 Ceteras
607 4299 730 4358 Africae
751 4301 994 4374 septentrionalis
1017 4302 1203 4378 provincias,
1227 4303 1373 4362 Αιιιιιιιιι
1393 4319 1616 4364 ruocousvua-

282 4417 361 4476 ιιιιιι,
389 4401 575 4474 Nvumrau,
603 4402 842 4460 Mavnnraurau
864 4399 1129 4476 Caussaruusnu,
1158 4403 1262 4481 paucis
1292 4405 1449 4466 absolvere
1475 4424 1614 4483 possum,

281 4515 442 4580 postquam
464 4504 501 4562 de
525 4520 626 4560 earum
648 4510 679 4560 et
696 4501 831 4561 conciliis
846 4511 876 4560 et
890 4503 1097 4563 sacerdotibus
1112 4504 1340 4584 diligentissime
1355 4505 1416 4583 egit
1431 4505 1469 4568 0.
1484 4507 1614 4569 Hirsch-

281 4603 341 4662 feld
363 4605 394 4662 in
415 4605 496 4662 Anu.
519 4605 588 4662 inst.
612 4603 691 4660 arch.
723 4601 812 4662 Rom.
834 4622 862 4660 a.
880 4603 959 4664 1866
982 4622 1011 4680 p.
1028 4605 1165 4676 69·-77.

364 4699 489 4764 Artu'ca
513 4719 771 4765 rnooousvuanrs
798 4703 837 4762 ad
863 4705 1030 4770 concilium,
1050 4707 1247 4768 conveniebat
1275 4705 1488 4786 Carthaginem
1519 4709 1612 4788 (Ood.

178 4856 182 4863 ,
282 4801 628 4882 Τ1ι.12,1,145.176)
652 4805 897 4881 sacerdotemque
918 4806 1055 4881 habebat,
1078 4809 1131 4885 qui
1152 4809 1273 4887 expleto
1295 4811 1462 4870 sacerdotio
1483 4811 1515 4870 in
1530 4811 1614 4872 ordi-

279 4921 348 4962 nem
369 4904 587 4964 aacerdotolium
607 4907 807 4982 recipiebatur
827 4905 1016 4981 (Hirschfeld
1037 4928 1066 4985 p.
1084 4909 1223 4987 69sqq.),
1244 4928 1371 4987 quorum
1393 4919 1423 4970 et
1442 4913 1475 4971 in
1491 4913 1613 4992 legibus

280 4999 434 5077 (Gothofr.
456 5004 588 5079 paratitl.
614 5007 654 5066 ad
675 5005 751 5068 Cod.
774 5007 833 5066 Th.
856 5006 973 5085 16,10)
998 5017 1029 5068 et
1049 5011 1129 5088 apud
1150 5013 1312 5088 scriptores
1334 5012 1496 5088 (Ammian.
1513 5013 1566 5088 28,
1581 5017 1610 5076 6.

281 5101 333 5178 10)
361 5109 392 5162 et
417 5103 449 5161 in
473 5103 719 5184 inscriptionibus
738 5107 886 5186 ¹frequens
911 5115 959 5168 est
984 5111 1105 5170 mentio.
1148 5111 1185 5172 V.
1207 5112 1319 5174 Renier
1339 5115 1492 5174 Inera'da
1513 5115 1610 5194 l’Aip.

211 5249 214 5256 ,
276 5222 306 5262 u.
326 5202 375 5264 28.
400 5204 486 5265 1440.
510 5204 709 5270 15271718.
733 5209 822 5270 1851.
845 5208 942 5283 2547,
970 5209 1087 5273 ῶιὲιίιι
1112 5213 1181 5292 ch.
1201 5215 1333 5276 'occidet
1356 5215 1372 5275 1
1399 5236 1427 5275 ιι.
1445 5217 1493 5276 35.
1520 5219 1523 5224 ’
1544 5215 1609 5278 Sub
