3568 6070
540 617 838 677 onsnnvrnronns
854 623 971 692 nerea.
990 639 1055 692 vn.
1342 633 1344 636 ’
1384 645 1455 720 185

1017 741 1454 776 Ἢ

132 780 182 839 Ex
207 799 335 860 corpore
360 786 462 864 aliquo
485 788 629 861 militum,
656 793 785 852 maxime
805 814 823 853 e
843 795 962 873 legione
983 797 1086 874 alique
1100 815 1193 880 tecto„
1224 825 1262 884 gd
1289 834 1455 910 expeditio.

133 901 200 940 nem
227 885 449 961 suscipiendam
477 889 623 966 appellari
644 893 819 953 vexillarios
842 904 945 955 notum
966 897 1066 974 est¹),
1093 900 1166 960 item
1180 931 1369 1004 „paepositofl
1391 935 1454 998 sere

132 990 166 1039 ut
189 983 280 1044 duces
305 987 451 1062 appellari
477 1007 545 1063 cos,
570 993 623 1066 qui
647 991 813 1053 vexillariis
838 995 901 1054 illis
924 1017 981 1074 pro
1007 1006 1141 1075 tempore
1165 1020 1299 1090 praessa
1343 1035 1396 1092 sed
1418 1046 1452 1097 ut

131 1081 217 1141 ducis
244 1086 408 1163 appellatio
433 1088 676 1150 honorificentior
700 1093 737 1152 de
765 1096 906 1154 senatorii
932 1098 1046 1158 ordinis
1066 1101 1139 1162 viris
1163 1071 1348 1179 frequentius

81 1279 87 1286 .
131 1189 231 1341 peftur,
255 1188 420 1324 ρὶ88ρο8111
446 1191 545 1264 minus
571 1191 729 1278 splendida
752 1195 930 1274 plerumque
956 1199 995 1258 sd
1018 1201 1165 1276 equestris
1187 1203 1301 1264 ordinis
1322 1205 1449 1277 honum..

130 1301 164 1341 re
177 1289 278 1344 eretur
300 1285 326 1362 ).
726 1311 727 1314 ¹

288 1387 347 1458 12.
401 1385 534 1464 Comes
560 1391 720 1490 Augusti
745 1394 872 1469 nostri.

214 1502 284 1564 Hoc
304 1507 453 1583 pertinere
474 1492 505 1570 81
525 1511 624 1587 ipsum
646 1513 685 1571 sd
699 1515 920 1591 expeditionem
936 1515 1146 1580 Germanicam
1161 1523 1250 1582 modo
1266 1524 1406 1586 vidimus.
1418 1545 1457 1570 ’-

129 1601 218 1676 Quae
240 1605 277 1664 de
297 1607 457 1670 comitibus
478 1618 509 1670 81
529 1613 662 1672 melioris
684 1615 834 1692 aetatisi)
857 1624 888 1676 81
902 1615 1209 1698 Constantiniauae⁴)
1231 1625 1304 1684 slibi
1320 1628 1458 1703 exposui,

127 1721 190 1762 non
210 1715 356 1782 repetame
379 1709 437 1769 hoc
457 1709 565 1770 addam
587 1713 647 1771 ianr
668 1714 756 1773 tertio
778 1716 899 1774 saeculo
919 1718 1045 1777 inveniri
1067 1725 1192 1780 comitem
1214 1725 1394 1784 demnticum
1410 1746 1457 1786 er-

128 1806 207 1864 dinie
224 1810 315 1882 primi
333 1806 369 1867 L.
392 1808 565 1870 Nummium
586 1813 730 1872 Albinum
752 1814 1108 1900 consulemlordinarium
1129 1841 1156 1880 a.
1172 1821 1232 1880 246
1248 1833 1278 1882 81
1292 1823 1351 1884 263
1363 1826 1403 1901 ⁶),
1425 1827 1458 1885 in

127 1904 217 1964 titulo
231 1913 340 1982 tamen,
362 1910 413 1985 qui
434 1910 620 1987 ulimrautum
641 1923 856 1989 postmortem
878 1917 1033 1977 dedicatus
1054 1937 1123 1978 esse
1137 1921 1273 1982 videatur
1294 1933 1325 1983 et
1345 1925 1457 2001 aliquid

127 2007 261 2066 traxisse
282 2027 322 2068 cx
343 2010 543 2071 locutionibus
564 2013 672 2074 nentis
695 2015 890 2092 sequiorisi).
934 2015 1015 2078 Sane
1035 2020 1124 2080 nium
1146 2021 1284 2086 ordinum
1305 2024 1457 2084 distinctio

125 2123 182 2182 per
207 2125 240 2166 se
267 2109 346 2168 satis
368 2111 491 2186 antiqua
515 2131 584 2172 cunr
608 2113 742 2202 legitima
765 2117 845 2176 facta
871 2117 911 2176 sit
929 2137 991 2195 ‚per
1012 2116 1242 2180 Constantinum
1264 2123 1399 2198 demum,
1424 2125 1456 2184 in

125 2206 224 2267 titulis
248 2209 302 2267 illo
327 2210 393 2268 solo
419 2221 544 2290 excepto
570 2219 632 2274 tres
658 2216 778 2276 ordines
803 2225 948 2294 aquario
970 2218 1089 2278 demum
1112 2222 1232 2280 saeculo
1253 2224 1454 2284 enuntiantur.

126 2306 255 2368 Comitis
276 2309 432 2371 domestici
451 2321 550 2373 autem
571 2313 734 2392 appellatio
756 2317 835 2376 haud
857 2318 922 2378 scio
941 2337 981 2378 an
994 2319 1026 2378 in
1040 2320 1099 2380 hoc
1114 2322 1181 2380 solo
1195 2322 1282 2382 titulo
1297 2324 1413 2400 legatur
1424 2325 1453 2400 7)

124 2409 363 2488 crediderimquc
378 2413 487 2490 magis
515 2415 717 2476 condicionem
746 2417 802 2475 viri
827 2420 1029 2495 potentissimi
1055 2427 1085 2479 et
1110 2421 1149 2480 ad
1172 2421 1278 2482 intima
1299 2432 1455 2484 secretae

123 2510 311 2588 principibus
338 2512 463 2573 adhibiti
477 2514 532 2576 -ita
557 2536 577 2576 a
600 2517 731 2597 posteris
752 2517 817 2576 eius
839 2519 1002 2597 significari
1023 2539 1114 2596 quom
1135 2539 1190 2597 pro
1212 2524 1358 2582 vocabulo
1378 2525 1454 2604 legi·

123 2612 197 2670 timo
218 2611 251 2671 id
272 2614 419 2691 usurpari.

270 2712 341 2784 ·13.
392 2710 553 2812 Legatos
574 2715 734 2815 Augusti
758 2738 828 2816 pro
854 2729 1026 2817 praetore
1051 2719 1264 2820 provinciae
1288 2721 1451 2797 Raetiae.

207 2830 316 2892 Raetia
336 2833 490 2910 provincia
510 2853 577 2895 cnm
599 2846 688 2897 antea
709 2839 766 2898 sub
786 2841 1029 2916 procuratoribus
1050 2842 1173 2915 fuisset,
1194 2849 1313 2921 poema,
1336 2852 1367 2902 et
1387 2843 1452 2920 qui-

121 2931 190 2991 dem
211 2933 244 2992 ni
264 2933 355 2994 fallor
375 2953 397 3035 ⁸.
414 2935 526 3010 Murco,
547 2936 694 3016 legionem
716 2931 908 3018 legatumque
928 2942 1043 3020 accepit
1063 2940 1126 3018 (III
1147 2960 1176 3018 p.
1191 2943 1276 3020 707).
1320 2941 1451 3004 Sabinus

199 3226 223 3290 ¹)
251 3226 417 3280 0881111869
436 3246 471 3271 =
489 3229 573 3280 4952:
593 3227 652 3280 trib.
673 3229 727 3280 sril.
746 3229 794 3298 lep.
807 3228 853 3282 IX
868 3228 980 3300 Hsipon.
998 3231 1158 3284 vexillarios.
1177 3231 1287 3284 eimdens
1302 3234 1331 3284 in
1348 3234 1449 3301 etpedi-

121 3319 188 3370 tione
209 3317 368 3370 Genmnica.
405 3319 512 3370 Taciurs
536 3320 595 3371 hist.
615 3323 641 3383 2,
656 3322 721 3372 100:
744 3330 845 3378 undet
866 3324 1002 3374 8188881818
1025 3339 1110 3391 rapas
1132 3330 1157 3374 et
1173 3325 1262 3391 prino
1280 3322 1376 3374 Italica
1394 3341 1449 3376 cunr

120 3403 267 3460 vexillariis
285 3411 360 3460 trium
372 3407 579 3462 Britannicarum
598 3411 721 3479 legionum
738 3419 763 3463 81
781 3413 866 3464 clectis
882 3414 996 3465 auxiliis.
1027 3415 1152 3467 Similiter
1164 3415 1269 3480 ponitur
1281 3416 1358 3465 stiam
1370 3415 1450 3465 uexil-

121 3501 171 3550 lum
190 3495 264 3563 (Tac.
278 3501 537 3573 111811,31.12,89.
554 3501 615 3564 100)
635 3510 661 3553 81
678 3503 812 3553 vacillatio
832 3503 948 3565 (Henzcn
962 3505 1046 3554 5456:
1061 3505 1225 3571 praepositus
1242 3503 1449 3567 vexillationibus

118 3591 253 3642 milliariis
270 3589 352 3641 tribus
368 3591 524 3658 expeditione
542 3589 705 3644 Brittannica
723 3593 771 3660 leq.
790 3589 846 3644 VII
859 3595 949 3661 gemin.
969 3591 1041 3646 VIII
1056 3593 1124 3660 Aug.
1144 3592 1233 3644 XXII
1245 3594 1367 3660 primia).

197 3681 222 3745 1)
250 3683 292 3734 Oi.
316 3683 404 3732 titulus
422 3683 453 3734 L.
472 3683 548 3734 Fabii
568 3684 666 3735 Cilonis
686 3683 798 3746 (Marini
815 3685 875 3735 iser.
895 3683 955 3735 Alb.
974 3701 1000 3750 p.
1015 3684 1074 3746 50)=
1098 3683 1159 3735 duci
1175 3683 1261 3734 senili.
1275 3701 1326 3752 per
1342 3683 1448 3735 Italiam

118 3776 244 3825 amante
264 3775 324 3842 inp.
345 3771 434 3824 deveni
509 3775 658 3842 preposito
676 3775 833 3826 vexillation.
852 3773 971 3826 Perinthi
986 3773 1125 3842 perpendi.
1162 3776 1287 3828 Similiter
1309 3777 1375 3826 alter
1393 3777 1446 3826 dux

118 3867 211 3920 Severi
229 3867 271 3916 Ti.
293 3865 416 3916 Claudius
435 3865 567 3917 Candidus
590 3867 618 3916 in
643 3868 755 3932 equestri
779 3867 869 3918 ordine
893 3857 1045 3918 constitutus
1063 3867 1228 3932 praepositus
1250 3867 1300 3916 tuit
1318 3867 1447 3934 cepimus

117 3955 286 4024 expeditionis
311 3955 473 4007 Germanicae
499 3955 635 4018 secundae,
665 3957 759 4007 deinde
785 3957 852 4008 inter
879 3964 1009 4008 senatores
1036 3958 1130 4007 relatus
1158 3956 1210 4006 duc
1236 3963 1306 4007 terra
1333 3958 1446 4024 marique

118 4048 165 4110 (11,
180 4049 254 4099 4114
267 4067 301 4090 =
315 4047 395 4100 Orell.
409 4047 482 4109 798).
513 4047 545 4098 In
564 4047 638 4097 titulo
650 4049 875 4124 Virnniensilllg
883 4037 965 4100 4855'
975 4049 1076 4113 reperio
1094 4048 1279 4112 primipilarem
1299 4046 1383 4098 ducem
1395 4048 1444 4114 leq.

117 4138 168 4190 III
184 4138 259 4202 Ital,
286 4121 370 4189 dacem
393 4143 418 4202 et
432 4137 622 4206 praep(ositum)
643 4125 845 4205 1881111189.
882 4140 924 4190 De
946 4139 1085 4204 praepositi
1109 4139 1282 4203 appellatione
1303 4140 1356 4202 egit
1373 4133 1457 4188 Hen-⁴

117 4246 197 4300 zenas
215 4231 243 4280 in
265 4245 325 4280 ann.
344 4230 405 4279 inst.
426 4229 497 4280 1850
515 4245 541 4294 p.
554 4231 590 4280 40
599 4243 666 4294 seq.,
686 4229 719 4278 de
739 4229 811 4280 ducis
830 4245 878 4296 ego
896 4231 966 4296 apud
983 4231 1108 4284 Salletum
1127 4229 1168 4280 die
1186 4226 1295 4279 Frinsten
1307 4235 1362 4278 'non
1379 4227 1442 4278 Pai-

116 4339 190 4388 myra
208 4319 302 4383 (1866)
320 4321 348 4376 in
366 4321 508 4387 appendice
526 4325 552 4370 81
569 4321 707 4370 Hennenus
725 4320 802 4372 relat.
822 4319 893 4387 degli
910 4319 1007 4372 Aroali
1024 4320 1162 4388 (tstsyp.
1177 4322 1239 4372 102.
1349 4393 1352 4398 Α

82 4445 84 4449 -
194 4410 230 4474 ³)·
246 4412 316 4462 Vide
333 4412 446 4462 Hermae
464 4411 547 4462 8814
565 4426 591 4475 p.
606 4412 659 4460 120
668 4425 721 4475 seq.
831 4459 833 4464 .

192 4500 218 4564 4)
246 4503 317 4553 Vide
334 4502 517 4554 memoriarum
535 4503 594 4552 inst.
613 4493 754 4552 81811881.
769 4502 784 4550 2
803 4517 830 4566 p.
843 4501 895 4552 302
906 4516 961 4566 seq.

193 4591 218 4656 ⁵)
242 4593 358 4644 Fabretti
372 4589 433 4655 100,
449 4594 518 4644 tter
541 4590 672 4642 Triturrii.
688 4587 693 4655 Ι
710 4588 748 4642 Μ.
766 4588 882 4642 Nummio
902 4591 996 4643 Albino
1015 4607 1040 4642 v.
1059 4607 1080 4643 e.
1098 4588 1102 4656 Ι
1119 4589 1248 4656 quaestori
1264 4587 1409 4651 candidato,
1432 4585 1437 4657 Ι

110 4685 231 4754 praetori
247 4682 353 4746 urbane,
373 4683 458 4734 coniti
476 4679 481 4746 Ι
498 4682 630 4736 domestico
651 4681 749 4734 ordinis
761 4683 843 4750 primi
860 4689 884 4733 ct
900 4680 905 4748 Ι
920 4681 1019 4734 consuli
1035 4681 1167 4736 ordinasse
1186 4682 1275 4732 iterum
1289 4677 1294 4745 Ι
1310 4677 1441 4732 Nummius

115 4775 247 4829 Secundus
265 4776 327 4826 eius.
364 4775 474 4836 Titulus,
494 4776 538 4841 qui
556 4775 640 4826 8111118
658 4780 757 4840 prostat
775 4774 874 4825 Romae
892 4774 920 4824 iu
939 4774 1017 4824 domo
1034 4773 1186 4836 Barbanna,
1205 4773 1305 4838 integer
1322 4780 1369 4824 881.

191 4866 217 4930 ⁶)
244 4868 332 4920 Etiam
350 4867 451 4932 signum
469 4881 531 4917 casu
549 4865 661 4918 secundo
679 4845 793 4931 legitimo
812 4866 911 4918 nomini
929 4867 1114 4930 praescriptum
1132 4871 1223 4931 quarto
1242 4865 1345 4916 saeculo
1357 4864 1440 4930 magis

114 4953 248 5026 proprium
267 4964 307 5008 est
324 4939 405 5024 quam¹
419 4958 504 5023 tertio.
541 4957 608 5014 Vide
626 4957 794 5022 Borghesium
813 4971 874 5023 opp.
888 4957 914 5019 3,
929 4957 1044 5026 502881).

191 5047 217 5112 ⁷)
244 5049 317 5108 Cave
333 5047 476 5100 confundas
494 5063 554 5100 eum
572 5064 630 5099 cunr
648 5049 741 5100 comite
759 5041 967 5110 domesticorum,
986 5048 1020 5124 ad
1038 5063 1114 5114 quem
1129 5047 1260 5112 pertinent
1277 5047 1344 5098 tituli
1359 5046 1439 5100 Orcll.
1522 5065 1524 5070 ¹

116 5143 198 5196 8188.
217 5141 290 5192 8194
313 5140 345 5190 ab
363 5141 494 5190 Hennens-
512 5139 541 5190 in
562 5139 648 5192 iudice
669 5142 765 5212 lim
789 5140 824 5192 ad
847 5141 966 5192 comitem
985 5140 1152 5204 domesticum
1172 5139 1256 5190 relati.
1293 5137 1439 5192 Orellianus

115 5240 201 5284 autem
215 5233 288 5284 1184
305 5231 378 5284 cuius
396 5230 492 5284 indolis
510 5230 552 5294 sit,
572 5231 670 5297 patebit
687 5232 712 5284 si
731 5231 775 5300 qui
792 5232 912 5298 inspiciet
930 5231 1076 5298 exemplum
1087 5231 1293 5285 Muratoriauum
1306 5230 1368 5292 467,
1383 5229 1409 5280 4.
1468 5277 1471 5284 ,

1365 1151 1452 1196 llflul'·
1515 1183 1517 1188 .
