<?xml version="1.0" encoding="UTF-8"?>
<!DOCTYPE html PUBLIC "-//W3C//DTD XHTML 1.0 Transitional//EN"
    "http://www.w3.org/TR/xhtml1/DTD/xhtml1-transitional.dtd">
<html xmlns="http://www.w3.org/1999/xhtml" xml:lang="en" lang="en">
 <head>
  <title>
</title>
<meta http-equiv="Content-Type" content="text/html;charset=utf-8" />
  <meta name='ocr-system' content='tesseract 3.04.00' />
  <meta name='ocr-capabilities' content='ocr_page ocr_carea ocr_par ocr_line ocrx_word'/>
</head>
<body>
  <div class='ocr_page' id='page_1' title='image "./ephemerisepigra12instgoog_0265.png"; bbox 0 0 3620 6080; ppageno 0'>
   <div class='ocr_carea' id='block_1_1' title="bbox 341 568 1355 642">
    <p class='ocr_par' dir='ltr' id='par_1_1' title="bbox 341 568 1355 642">
     <span class='ocr_line' id='line_1_1' title="bbox 341 568 1355 642; baseline -0.004 -2"><span class='ocrx_word' id='word_1_1' title='bbox 341 568 416 642; x_wconf 72' lang='lat'><strong>254</strong></span> <span class='ocrx_word' id='word_1_2' title='bbox 649 581 927 636; x_wconf 77' lang='lat' dir='ltr'><strong>DITTENBERGDR</strong></span> <span class='ocrx_word' id='word_1_3' title='bbox 951 582 999 633; x_wconf 76' lang='lat' dir='ltr'><strong>DE</strong></span> <span class='ocrx_word' id='word_1_4' title='bbox 1026 581 1169 635; x_wconf 73' lang='lat' dir='ltr'><strong>umus</strong></span> <span class='ocrx_word' id='word_1_5' title='bbox 1194 582 1355 636; x_wconf 70' lang='lat' dir='ltr'><strong>arms.</strong></span> 
     </span>
    </p>
   </div>
   <div class='ocr_carea' id='block_1_2' title="bbox 337 736 1674 2346">
    <p class='ocr_par' dir='ltr' id='par_1_2' title="bbox 338 736 1665 1040">
     <span class='ocr_line' id='line_1_2' title="bbox 338 736 1665 834; baseline -0.004 -15"><span class='ocrx_word' id='word_1_6' title='bbox 338 776 400 820; x_wconf 86' lang='lat' dir='ltr'><strong>uon</strong></span> <span class='ocrx_word' id='word_1_7' title='bbox 421 757 518 818; x_wconf 90' lang='lat' dir='ltr'><strong>solum</strong></span> <span class='ocrx_word' id='word_1_8' title='bbox 538 767 599 815; x_wconf 91' lang='lat' dir='ltr'><strong>nou</strong></span> <span class='ocrx_word' id='word_1_9' title='bbox 620 763 730 826; x_wconf 89' lang='lat' dir='ltr'><strong>utatur,</strong></span> <span class='ocrx_word' id='word_1_10' title='bbox 752 755 806 814; x_wconf 87' lang='lat' dir='ltr'><strong>sed</strong></span> <span class='ocrx_word' id='word_1_11' title='bbox 827 755 916 812; x_wconf 87' lang='lat' dir='ltr'><strong>etiam</strong></span> <span class='ocrx_word' id='word_1_12' title='bbox 937 753 1046 812; x_wconf 87' lang='lat' dir='ltr'><strong>tribum</strong></span> <span class='ocrx_word' id='word_1_13' title='bbox 1067 736 1297 830; x_wconf 60' lang='lat' dir='ltr'><strong>(imbricatim)</strong></span> <span class='ocrx_word' id='word_1_14' title='bbox 1320 754 1434 813; x_wconf 91' lang='lat' dir='ltr'><strong>nomini</strong></span> <span class='ocrx_word' id='word_1_15' title='bbox 1454 755 1607 834; x_wconf 79' lang='lat' dir='ltr'><strong>adiungat,</strong></span> <span class='ocrx_word' id='word_1_16' title='bbox 1633 755 1665 814; x_wconf 85' lang='lat' dir='ltr'><strong>id</strong></span> 
     </span>
     <span class='ocr_line' id='line_1_3' title="bbox 339 852 1664 936; baseline -0.002 -19"><span class='ocrx_word' id='word_1_17' title='bbox 339 859 422 936; x_wconf 83' lang='lat' dir='ltr'><strong>quod</strong></span> <span class='ocrx_word' id='word_1_18' title='bbox 441 857 475 916; x_wconf 93' lang='lat' dir='ltr'><strong>in</strong></span> <span class='ocrx_word' id='word_1_19' title='bbox 497 857 542 916; x_wconf 91' lang='lat' dir='ltr'><strong>eis</strong></span> <span class='ocrx_word' id='word_1_20' title='bbox 563 856 628 916; x_wconf 88' lang='lat' dir='ltr'><strong>lieri</strong></span> <span class='ocrx_word' id='word_1_21' title='bbox 649 855 805 914; x_wconf 85' lang='lat' dir='ltr'><strong>consuevit</strong></span> <span class='ocrx_word' id='word_1_22' title='bbox 825 855 878 931; x_wconf 90' lang='lat' dir='ltr'><strong>qui</strong></span> <span class='ocrx_word' id='word_1_23' title='bbox 898 854 1073 931; x_wconf 82' lang='lat' dir='ltr'><strong>cognomine</strong></span> <span class='ocrx_word' id='word_1_24' title='bbox 1094 853 1215 912; x_wconf 89' lang='lat' dir='ltr'><strong>omuino</strong></span> <span class='ocrx_word' id='word_1_25' title='bbox 1236 861 1351 928; x_wconf 78' lang='lat' dir='ltr'><strong>carent,</strong></span> <span class='ocrx_word' id='word_1_26' title='bbox 1376 873 1445 914; x_wconf 89' lang='lat' dir='ltr'><strong>eum</strong></span> <span class='ocrx_word' id='word_1_27' title='bbox 1466 875 1485 914; x_wconf 91' lang='lat' dir='ltr'><strong>a</strong></span> <span class='ocrx_word' id='word_1_28' title='bbox 1508 852 1542 914; x_wconf 80' lang='grc' dir='ltr'><strong>Ο.</strong></span> <span class='ocrx_word' id='word_1_29' title='bbox 1563 856 1664 915; x_wconf 81' lang='lat' dir='ltr'><strong>Marto</strong></span> 
     </span>
     <span class='ocr_line' id='line_1_4' title="bbox 339 953 1363 1040; baseline -0.013 -20"><span class='ocrx_word' id='word_1_30' title='bbox 339 959 484 1020; x_wconf 80' lang='lat' dir='ltr'><strong>Marcello</strong></span> <span class='ocrx_word' id='word_1_31' title='bbox 505 955 583 1018; x_wconf 85' lang='lat' dir='ltr'><strong>tituli</strong></span> <span class='ocrx_word' id='word_1_32' title='bbox 603 957 700 1016; x_wconf 91' lang='lat' dir='ltr'><strong>nostri</strong></span> <span class='ocrx_word' id='word_1_33' title='bbox 720 953 960 1031; x_wconf 85' lang='lat' dir='ltr'><strong>distinguendum</strong></span> <span class='ocrx_word' id='word_1_34' title='bbox 981 972 1100 1014; x_wconf 87' lang='lat' dir='ltr'><strong>censeo.</strong></span> <span class='ocrx_word' id='word_1_35' title='bbox 1360 1032 1363 1040; x_wconf 27' lang='grc'>1</span> 
     </span>
    </p>

    <p class='ocr_par' dir='ltr' id='par_1_3' title="bbox 337 1037 1674 2346">
     <span class='ocr_line' id='line_1_5' title="bbox 428 1037 1665 1132; baseline -0.002 -15"><span class='ocrx_word' id='word_1_36' title='bbox 428 1057 476 1117; x_wconf 93' lang='grc'><strong>12.</strong></span> <span class='ocrx_word' id='word_1_37' title='bbox 502 1058 540 1118; x_wconf 92' lang='lat' dir='ltr'><strong>In</strong></span> <span class='ocrx_word' id='word_1_38' title='bbox 565 1059 625 1116; x_wconf 89' lang='lat' dir='ltr'><strong>line</strong></span> <span class='ocrx_word' id='word_1_39' title='bbox 649 1057 738 1116; x_wconf 89' lang='lat' dir='ltr'><strong>huius</strong></span> <span class='ocrx_word' id='word_1_40' title='bbox 765 1055 1082 1114; x_wconf 75' lang='lat' dir='ltr'><strong>commentatiunculae</strong></span> <span class='ocrx_word' id='word_1_41' title='bbox 1107 1054 1210 1132; x_wconf 88' lang='lat' dir='ltr'><strong>paucis</strong></span> <span class='ocrx_word' id='word_1_42' title='bbox 1224 1037 1336 1114; x_wconf 74' lang='lat' dir='ltr'><strong>&#39;verbis</strong></span> <span class='ocrx_word' id='word_1_43' title='bbox 1363 1055 1400 1114; x_wconf 84' lang='lat' dir='ltr'><strong>de</strong></span> <span class='ocrx_word' id='word_1_44' title='bbox 1425 1055 1522 1116; x_wconf 84' lang='lat' dir='ltr'><strong>titulis</strong></span> <span class='ocrx_word' id='word_1_45' title='bbox 1547 1056 1665 1116; x_wconf 82' lang='lat' dir='ltr'><strong>duobus</strong></span> 
     </span>
     <span class='ocr_line' id='line_1_6' title="bbox 341 1153 1674 1236; baseline -0.003 -16"><span class='ocrx_word' id='word_1_46' title='bbox 341 1177 500 1236; x_wconf 81' lang='lat' dir='ltr'><strong>exponam,</strong></span> <span class='ocrx_word' id='word_1_47' title='bbox 522 1158 560 1218; x_wconf 82' lang='lat' dir='ltr'><strong>rie</strong></span> <span class='ocrx_word' id='word_1_48' title='bbox 580 1159 689 1234; x_wconf 89' lang='lat' dir='ltr'><strong>quibus</strong></span> <span class='ocrx_word' id='word_1_49' title='bbox 703 1175 763 1216; x_wconf 92' lang='lat' dir='ltr'><strong>nou</strong></span> <span class='ocrx_word' id='word_1_50' title='bbox 782 1163 863 1216; x_wconf 90' lang='lat' dir='ltr'><strong>recte</strong></span> <span class='ocrx_word' id='word_1_51' title='bbox 877 1155 974 1216; x_wconf 90' lang='lat' dir='ltr'><strong>editor</strong></span> <span class='ocrx_word' id='word_1_52' title='bbox 988 1153 1125 1214; x_wconf 86' lang='lat' dir='ltr'><strong>Graecus</strong></span> <span class='ocrx_word' id='word_1_53' title='bbox 1141 1155 1284 1214; x_wconf 74' lang='lat' dir='ltr'><strong>statuisse</strong></span> <span class='ocrx_word' id='word_1_54' title='bbox 1297 1155 1423 1216; x_wconf 83' lang='lat' dir='ltr'><strong>uidetur.</strong></span> <span class='ocrx_word' id='word_1_55' title='bbox 1455 1157 1543 1215; x_wconf 84' lang='lat' dir='ltr'><strong>Alter</strong></span> <span class='ocrx_word' id='word_1_56' title='bbox 1563 1157 1674 1233; x_wconf 68' lang='lat' dir='ltr'><strong>celitus¹</strong></span> 
     </span>
     <span class='ocr_line' id='line_1_7' title="bbox 339 1245 1664 1338; baseline -0.003 -20"><span class='ocrx_word' id='word_1_57' title='bbox 339 1267 387 1320; x_wconf 76' lang='lat' dir='ltr'><strong>est</strong></span> <span class='ocrx_word' id='word_1_58' title='bbox 408 1279 427 1318; x_wconf 74' lang='lat' dir='ltr'><strong>a</strong></span> <span class='ocrx_word' id='word_1_59' title='bbox 449 1258 493 1322; x_wconf 87' lang='lat' dir='ltr'><strong>St.</strong></span> <span class='ocrx_word' id='word_1_60' title='bbox 515 1257 697 1318; x_wconf 72' lang='lat' dir='ltr'><strong>Kumanude</strong></span> <span class='ocrx_word' id='word_1_61' title='bbox 721 1258 753 1316; x_wconf 86' lang='lat' dir='ltr'><strong>in</strong></span> <span class='ocrx_word' id='word_1_62' title='bbox 777 1257 881 1316; x_wconf 86' lang='lat' dir='ltr'><strong>libello</strong></span> <span class='ocrx_word' id='word_1_63' title='bbox 907 1245 1083 1338; x_wconf 69' lang='lat' dir='ltr'><strong>&#39;Enippnrpai</strong></span> <span class='ocrx_word' id='word_1_64' title='bbox 1101 1246 1262 1326; x_wconf 66' lang='grc' dir='ltr'>Ἑλληνικαὶ</span> <span class='ocrx_word' id='word_1_65' title='bbox 1287 1287 1326 1300; x_wconf 91' lang='lat'><strong>-—</strong></span> <span class='ocrx_word' id='word_1_66' title='bbox 1352 1289 1391 1300; x_wconf 91' lang='lat'><em>-</em></span> <span class='ocrx_word' id='word_1_67' title='bbox 1413 1249 1586 1330; x_wconf 68' lang='grc' dir='ltr'><em>ἐκδιδᾶμεναι</em></span> <span class='ocrx_word' id='word_1_68' title='bbox 1612 1251 1664 1314; x_wconf 78' lang='grc' dir='ltr'><strong>δα·</strong></span> 
     </span>
     <span class='ocr_line' id='line_1_8' title="bbox 340 1347 1665 1440; baseline -0.002 -23"><span class='ocrx_word' id='word_1_69' title='bbox 340 1351 415 1436; x_wconf 71' lang='grc' dir='ltr'><strong>πᾶνῃ</strong></span> <span class='ocrx_word' id='word_1_70' title='bbox 436 1361 487 1429; x_wconf 74' lang='grc' dir='ltr'><strong>τῆς</strong></span> <span class='ocrx_word' id='word_1_71' title='bbox 507 1357 535 1416; x_wconf 81' lang='grc' dir='ltr'><strong>ἓν</strong></span> <span class='ocrx_word' id='word_1_72' title='bbox 555 1347 697 1428; x_wconf 57' lang='grc' dir='ltr'><strong>Ἀθήναις</strong></span> <span class='ocrx_word' id='word_1_73' title='bbox 717 1354 856 1440; x_wconf 73' lang='grc' dir='ltr'><strong>ἆρχαιολ.</strong></span> <span class='ocrx_word' id='word_1_74' title='bbox 878 1349 1007 1440; x_wconf 63' lang='grc' dir='ltr'><em>ἑταιρίας.</em></span> <span class='ocrx_word' id='word_1_75' title='bbox 1029 1356 1158 1416; x_wconf 76' lang='lat' dir='ltr'><strong>Athenis</strong></span> <span class='ocrx_word' id='word_1_76' title='bbox 1181 1355 1270 1429; x_wconf 84' lang='lat'><strong>1860,</strong></span> <span class='ocrx_word' id='word_1_77' title='bbox 1284 1352 1337 1438; x_wconf 75' lang='lat' dir='ltr'><strong>cip.</strong></span> <span class='ocrx_word' id='word_1_78' title='bbox 1354 1357 1404 1430; x_wconf 86' lang='lat'><strong>39,</strong></span> <span class='ocrx_word' id='word_1_79' title='bbox 1427 1358 1551 1433; x_wconf 80' lang='lat' dir='ltr'><strong>eiusque</strong></span> <span class='ocrx_word' id='word_1_80' title='bbox 1571 1359 1665 1416; x_wconf 78' lang='lat' dir='ltr'><strong>verba</strong></span> 
     </span>
     <span class='ocr_line' id='line_1_9' title="bbox 338 1440 1665 1540; baseline -0.004 -20"><span class='ocrx_word' id='word_1_81' title='bbox 338 1461 384 1520; x_wconf 80' lang='lat' dir='ltr'><strong>ita</strong></span> <span class='ocrx_word' id='word_1_82' title='bbox 404 1477 438 1519; x_wconf 79' lang='lat' dir='ltr'><strong>se</strong></span> <span class='ocrx_word' id='word_1_83' title='bbox 458 1460 583 1520; x_wconf 80' lang='lat' dir='ltr'><strong>habent:</strong></span> <span class='ocrx_word' id='word_1_84' title='bbox 613 1453 648 1514; x_wconf 87' lang='lat'><strong>‘0</strong></span> <span class='ocrx_word' id='word_1_85' title='bbox 670 1451 758 1526; x_wconf 68' lang='grc' dir='ltr'><em>δῆμος</em></span> <span class='ocrx_word' id='word_1_86' title='bbox 774 1455 781 1533; x_wconf 96' lang='grc' dir='ltr'>Ι</span> <span class='ocrx_word' id='word_1_87' title='bbox 799 1447 885 1515; x_wconf 66' lang='grc' dir='ltr'>Γάιον</span> <span class='ocrx_word' id='word_1_88' title='bbox 902 1447 1022 1516; x_wconf 65' lang='grc' dir='ltr'><strong>Ἀσίνιον</strong></span> <span class='ocrx_word' id='word_1_89' title='bbox 1042 1457 1048 1535; x_wconf 96' lang='grc' dir='ltr'>Ι</span> <span class='ocrx_word' id='word_1_90' title='bbox 1064 1447 1150 1514; x_wconf 71' lang='grc' dir='ltr'><strong><em>Γαΐου</em></strong></span> <span class='ocrx_word' id='word_1_91' title='bbox 1170 1451 1219 1514; x_wconf 75' lang='grc' dir='ltr'><strong>ύόν</strong></span> <span class='ocrx_word' id='word_1_92' title='bbox 1236 1455 1241 1532; x_wconf 92' lang='grc' dir='ltr'>Ι</span> <span class='ocrx_word' id='word_1_93' title='bbox 1260 1440 1420 1540; x_wconf 65' lang='lat' dir='ltr'><strong>crpore-apin</strong></span> <span class='ocrx_word' id='word_1_94' title='bbox 1438 1458 1443 1536; x_wconf 90' lang='grc' dir='ltr'>Ι</span> <span class='ocrx_word' id='word_1_95' title='bbox 1463 1444 1665 1534; x_wconf 67' lang='grc' dir='ltr'><em>ἆποδεδειγμέ·</em></span> 
     </span>
     <span class='ocr_line' id='line_1_10' title="bbox 340 1547 1665 1643; baseline -0.001 -25"><span class='ocrx_word' id='word_1_96' title='bbox 340 1583 385 1618; x_wconf 83' lang='grc' dir='ltr'><strong>νον</strong></span> <span class='ocrx_word' id='word_1_97' title='bbox 403 1558 410 1635; x_wconf 97' lang='grc' dir='ltr'>Ι</span> <span class='ocrx_word' id='word_1_98' title='bbox 428 1555 528 1643; x_wconf 68' lang='grc' dir='ltr'><em>ἀρετῆς</em></span> <span class='ocrx_word' id='word_1_99' title='bbox 548 1548 630 1630; x_wconf 60' lang='lat' dir='ltr'><strong>ivano</strong></span> <span class='ocrx_word' id='word_1_100' title='bbox 654 1553 660 1637; x_wconf 96' lang='grc' dir='ltr'>Ι</span> <span class='ocrx_word' id='word_1_101' title='bbox 682 1547 730 1616; x_wconf 63' lang='grc' dir='ltr'><strong>καὶ</strong></span> <span class='ocrx_word' id='word_1_102' title='bbox 757 1548 866 1618; x_wconf 71' lang='lat' dir='ltr'><strong>triveles</strong></span> <span class='ocrx_word' id='word_1_103' title='bbox 888 1553 895 1637; x_wconf 98' lang='grc' dir='ltr'>Ι</span> <span class='ocrx_word' id='word_1_104' title='bbox 916 1559 969 1628; x_wconf 72' lang='grc' dir='ltr'><strong>τῆς</strong></span> <span class='ocrx_word' id='word_1_105' title='bbox 994 1555 1033 1619; x_wconf 80' lang='grc' dir='ltr'><strong>εἷς</strong></span> <span class='ocrx_word' id='word_1_106' title='bbox 1059 1551 1158 1622; x_wconf 67' lang='lat' dir='ltr'><strong>{aovin</strong></span> <span class='ocrx_word' id='word_1_107' title='bbox 1183 1552 1188 1637; x_wconf 98' lang='grc' dir='ltr'>Ι</span> <span class='ocrx_word' id='word_1_108' title='bbox 1213 1547 1362 1627; x_wconf 62' lang='grc' dir='ltr'>ἀνέθηκεν.</span> <span class='ocrx_word' id='word_1_109' title='bbox 1408 1557 1498 1617; x_wconf 85' lang='lat' dir='ltr'><strong>Hunc</strong></span> <span class='ocrx_word' id='word_1_110' title='bbox 1523 1559 1665 1617; x_wconf 81' lang='lat' dir='ltr'><strong>Asinium</strong></span> 
     </span>
     <span class='ocr_line' id='line_1_11' title="bbox 339 1657 1663 1735; baseline -0.001 -15"><span class='ocrx_word' id='word_1_111' title='bbox 339 1661 511 1720; x_wconf 79' lang='lat' dir='ltr'><strong>Pollionem</strong></span> <span class='ocrx_word' id='word_1_112' title='bbox 531 1658 729 1719; x_wconf 85' lang='lat' dir='ltr'><strong>Kumanurles</strong></span> <span class='ocrx_word' id='word_1_113' title='bbox 754 1674 822 1716; x_wconf 90' lang='lat' dir='ltr'><strong>esse</strong></span> <span class='ocrx_word' id='word_1_114' title='bbox 842 1657 907 1717; x_wconf 85' lang='lat' dir='ltr'><strong>vult</strong></span> <span class='ocrx_word' id='word_1_115' title='bbox 927 1657 1056 1717; x_wconf 90' lang='lat' dir='ltr'><strong>nobilem</strong></span> <span class='ocrx_word' id='word_1_116' title='bbox 1080 1657 1254 1733; x_wconf 85' lang='lat' dir='ltr'><strong>,politicum</strong></span> <span class='ocrx_word' id='word_1_117' title='bbox 1275 1667 1305 1717; x_wconf 90' lang='lat' dir='ltr'><strong>et</strong></span> <span class='ocrx_word' id='word_1_118' title='bbox 1325 1659 1532 1730; x_wconf 84' lang='lat' dir='ltr'><strong>historicum“,</strong></span> <span class='ocrx_word' id='word_1_119' title='bbox 1559 1677 1663 1735; x_wconf 89' lang='lat' dir='ltr'><strong>quam·</strong></span> 
     </span>
     <span class='ocr_line' id='line_1_12' title="bbox 339 1757 1663 1839; baseline -0.002 -19"><span class='ocrx_word' id='word_1_120' title='bbox 339 1780 430 1839; x_wconf 90' lang='lat' dir='ltr'><strong>quam</strong></span> <span class='ocrx_word' id='word_1_121' title='bbox 450 1762 477 1821; x_wconf 89' lang='lat' dir='ltr'><strong>is</strong></span> <span class='ocrx_word' id='word_1_122' title='bbox 499 1759 580 1836; x_wconf 85' lang='lat' dir='ltr'><strong>apud</strong></span> <span class='ocrx_word' id='word_1_123' title='bbox 600 1760 761 1835; x_wconf 87' lang='lat' dir='ltr'><strong>scriptores</strong></span> <span class='ocrx_word' id='word_1_124' title='bbox 779 1757 872 1818; x_wconf 74' lang='lat' dir='ltr'><strong>Gnaei</strong></span> <span class='ocrx_word' id='word_1_125' title='bbox 892 1757 972 1817; x_wconf 88' lang='lat' dir='ltr'><strong>filius</strong></span> <span class='ocrx_word' id='word_1_126' title='bbox 995 1758 1119 1830; x_wconf 85' lang='lat' dir='ltr'><strong>dicatur,</strong></span> <span class='ocrx_word' id='word_1_127' title='bbox 1140 1777 1207 1816; x_wconf 90' lang='lat' dir='ltr'><strong>cum</strong></span> <span class='ocrx_word' id='word_1_128' title='bbox 1229 1759 1261 1816; x_wconf 90' lang='lat' dir='ltr'><strong>in</strong></span> <span class='ocrx_word' id='word_1_129' title='bbox 1281 1767 1384 1818; x_wconf 90' lang='lat' dir='ltr'><strong>nostro</strong></span> <span class='ocrx_word' id='word_1_130' title='bbox 1405 1759 1493 1819; x_wconf 88' lang='lat' dir='ltr'><strong>titulo</strong></span> <span class='ocrx_word' id='word_1_131' title='bbox 1516 1761 1663 1836; x_wconf 90' lang='lat' dir='ltr'><strong>scriptum</strong></span> 
     </span>
     <span class='ocr_line' id='line_1_13' title="bbox 341 1849 1664 1942; baseline -0.002 -20"><span class='ocrx_word' id='word_1_132' title='bbox 341 1862 381 1922; x_wconf 88' lang='lat' dir='ltr'><strong>sit</strong></span> <span class='ocrx_word' id='word_1_133' title='bbox 400 1853 486 1919; x_wconf 67' lang='grc' dir='ltr'>Γαίου</span> <span class='ocrx_word' id='word_1_134' title='bbox 508 1849 566 1918; x_wconf 73' lang='grc' dir='ltr'><strong>ὑὸν.</strong></span> <span class='ocrx_word' id='word_1_135' title='bbox 610 1857 671 1918; x_wconf 88' lang='lat' dir='ltr'><strong>Sed</strong></span> <span class='ocrx_word' id='word_1_136' title='bbox 698 1877 734 1918; x_wconf 87' lang='lat' dir='ltr'><strong>ea</strong></span> <span class='ocrx_word' id='word_1_137' title='bbox 759 1859 827 1935; x_wconf 91' lang='lat' dir='ltr'><strong>ipsa</strong></span> <span class='ocrx_word' id='word_1_138' title='bbox 847 1859 883 1917; x_wconf 87' lang='lat' dir='ltr'><strong>de</strong></span> <span class='ocrx_word' id='word_1_139' title='bbox 909 1875 1001 1918; x_wconf 90' lang='lat' dir='ltr'><strong>causa</strong></span> <span class='ocrx_word' id='word_1_140' title='bbox 1022 1877 1082 1942; x_wconf 83' lang='lat' dir='ltr'><strong>uon</strong></span> <span class='ocrx_word' id='word_1_141' title='bbox 1104 1857 1140 1917; x_wconf 89' lang='lat' dir='ltr'><strong>de</strong></span> <span class='ocrx_word' id='word_1_142' title='bbox 1161 1858 1270 1916; x_wconf 90' lang='lat' dir='ltr'><strong>Asinio</strong></span> <span class='ocrx_word' id='word_1_143' title='bbox 1290 1859 1429 1918; x_wconf 90' lang='lat' dir='ltr'><strong>Pollione</strong></span> <span class='ocrx_word' id='word_1_144' title='bbox 1448 1861 1664 1939; x_wconf 83' lang='lat' dir='ltr'><strong>intelligendus</strong></span> 
     </span>
     <span class='ocr_line' id='line_1_14' title="bbox 338 1957 1664 2032; baseline -0.002 -11"><span class='ocrx_word' id='word_1_145' title='bbox 338 1970 385 2022; x_wconf 90' lang='lat' dir='ltr'><strong>est</strong></span> <span class='ocrx_word' id='word_1_146' title='bbox 404 1961 522 2032; x_wconf 86' lang='lat' dir='ltr'><strong>titulus,</strong></span> <span class='ocrx_word' id='word_1_147' title='bbox 548 1959 602 2018; x_wconf 88' lang='lat' dir='ltr'><strong>sed</strong></span> <span class='ocrx_word' id='word_1_148' title='bbox 623 1960 662 2018; x_wconf 85' lang='lat' dir='ltr'><strong>ad</strong></span> <span class='ocrx_word' id='word_1_149' title='bbox 682 1959 771 2017; x_wconf 89' lang='lat' dir='ltr'><strong>huius</strong></span> <span class='ocrx_word' id='word_1_150' title='bbox 792 1958 887 2016; x_wconf 82' lang='lat' dir='ltr'><strong>filium</strong></span> <span class='ocrx_word' id='word_1_151' title='bbox 911 1959 942 2019; x_wconf 78' lang='lat'><strong>0.</strong></span> <span class='ocrx_word' id='word_1_152' title='bbox 965 1958 1101 2017; x_wconf 81' lang='lat' dir='ltr'><strong>Asinium</strong></span> <span class='ocrx_word' id='word_1_153' title='bbox 1125 1957 1242 2018; x_wconf 79' lang='lat' dir='ltr'><strong>Gallam</strong></span> <span class='ocrx_word' id='word_1_154' title='bbox 1263 1976 1323 2018; x_wconf 88' lang='lat' dir='ltr'><strong>cos.</strong></span> <span class='ocrx_word' id='word_1_155' title='bbox 1348 1959 1365 2018; x_wconf 90' lang='lat'>8</span> <span class='ocrx_word' id='word_1_156' title='bbox 1388 1979 1415 2018; x_wconf 86' lang='lat' dir='ltr'><strong>a.</strong></span> <span class='ocrx_word' id='word_1_157' title='bbox 1438 1958 1510 2019; x_wconf 82' lang='lat' dir='ltr'><strong>Chr.</strong></span> <span class='ocrx_word' id='word_1_158' title='bbox 1531 1961 1664 2020; x_wconf 83' lang='lat' dir='ltr'><strong>referen-</strong></span> 
     </span>
     <span class='ocr_line' id='line_1_15' title="bbox 338 2058 1665 2140; baseline -0.001 -19"><span class='ocrx_word' id='word_1_159' title='bbox 338 2063 409 2121; x_wconf 85' lang='lat' dir='ltr'><strong>dum</strong></span> <span class='ocrx_word' id='word_1_160' title='bbox 435 2077 504 2119; x_wconf 90' lang='lat' dir='ltr'><strong>esse</strong></span> <span class='ocrx_word' id='word_1_161' title='bbox 529 2059 777 2118; x_wconf 87' lang='lat' dir='ltr'><strong>verisimillimum</strong></span> <span class='ocrx_word' id='word_1_162' title='bbox 798 2067 857 2129; x_wconf 88' lang='lat' dir='ltr'><strong>est;</strong></span> <span class='ocrx_word' id='word_1_163' title='bbox 876 2059 933 2136; x_wconf 71' lang='lat' dir='ltr'><strong>[ita</strong></span> <span class='ocrx_word' id='word_1_164' title='bbox 957 2059 1127 2135; x_wconf 86' lang='lat' dir='ltr'><strong>inscriptio,</strong></span> <span class='ocrx_word' id='word_1_165' title='bbox 1161 2058 1277 2140; x_wconf 84' lang='lat' dir='ltr'><strong>quippe¹</strong></span> <span class='ocrx_word' id='word_1_166' title='bbox 1299 2064 1377 2136; x_wconf 88' lang='lat' dir='ltr'><strong>quae</strong></span> <span class='ocrx_word' id='word_1_167' title='bbox 1403 2078 1470 2118; x_wconf 90' lang='lat' dir='ltr'><strong>eum</strong></span> <span class='ocrx_word' id='word_1_168' title='bbox 1494 2067 1665 2138; x_wconf 85' lang='lat' dir='ltr'><strong>praetorem</strong></span> 
     </span>
     <span class='ocr_line' id='line_1_16' title="bbox 339 2157 1664 2246; baseline -0.001 -25"><span class='ocrx_word' id='word_1_169' title='bbox 339 2163 527 2240; x_wconf 82' lang='lat' dir='ltr'><strong>designatum</strong></span> <span class='ocrx_word' id='word_1_170' title='bbox 547 2168 643 2246; x_wconf 78' lang='lat' dir='ltr'><strong>vocet,</strong></span> <span class='ocrx_word' id='word_1_171' title='bbox 665 2165 744 2218; x_wconf 88' lang='lat' dir='ltr'><strong>an&#39;no</strong></span> <span class='ocrx_word' id='word_1_172' title='bbox 768 2159 806 2216; x_wconf 90' lang='grc'><strong>12</strong></span> <span class='ocrx_word' id='word_1_173' title='bbox 828 2167 881 2217; x_wconf 91' lang='lat' dir='ltr'><strong>aut</strong></span> <span class='ocrx_word' id='word_1_174' title='bbox 904 2160 940 2217; x_wconf 92' lang='lat'><strong>11</strong></span> <span class='ocrx_word' id='word_1_175' title='bbox 962 2177 990 2242; x_wconf 85' lang='lat' dir='ltr'><strong>a.</strong></span> <span class='ocrx_word' id='word_1_176' title='bbox 1014 2157 1084 2218; x_wconf 89' lang='lat' dir='ltr'><strong>Chr.</strong></span> <span class='ocrx_word' id='word_1_177' title='bbox 1106 2159 1273 2235; x_wconf 86' lang='lat' dir='ltr'><strong>composita¹</strong></span> <span class='ocrx_word' id='word_1_178' title='bbox 1297 2159 1337 2218; x_wconf 90' lang='lat' dir='ltr'><strong>sit</strong></span> <span class='ocrx_word' id='word_1_179' title='bbox 1356 2177 1481 2220; x_wconf 88' lang='lat' dir='ltr'><strong>necesso</strong></span> <span class='ocrx_word' id='word_1_180' title='bbox 1501 2170 1557 2220; x_wconf 89' lang='lat' dir='ltr'><strong>est.</strong></span> <span class='ocrx_word' id='word_1_181' title='bbox 1602 2158 1664 2222; x_wconf 86' lang='lat' dir='ltr'><strong>Sed</strong></span> 
     </span>
     <span class='ocr_line' id='line_1_17' title="bbox 337 2257 1663 2346; baseline -0.001 -25"><span class='ocrx_word' id='word_1_182' title='bbox 337 2269 438 2346; x_wconf 87' lang='lat' dir='ltr'><strong>potest</strong></span> <span class='ocrx_word' id='word_1_183' title='bbox 459 2261 548 2326; x_wconf 83' lang='lat' dir='ltr'><strong>etiam</strong></span> <span class='ocrx_word' id='word_1_184' title='bbox 569 2259 694 2336; x_wconf 82' lang='lat' dir='ltr'><strong>cogitari</strong></span> <span class='ocrx_word' id='word_1_185' title='bbox 715 2259 752 2317; x_wconf 88' lang='lat' dir='ltr'><strong>de</strong></span> <span class='ocrx_word' id='word_1_186' title='bbox 772 2260 860 2334; x_wconf 84' lang='lat' dir='ltr'><strong>huius</strong></span> <span class='ocrx_word' id='word_1_187' title='bbox 881 2258 944 2319; x_wconf 87' lang='lat' dir='ltr'><strong>fflio</strong></span> <span class='ocrx_word' id='word_1_188' title='bbox 960 2259 992 2318; x_wconf 80' lang='lat'><strong>0.</strong></span> <span class='ocrx_word' id='word_1_189' title='bbox 1007 2259 1111 2318; x_wconf 78' lang='lat' dir='ltr'><strong>Asinio</strong></span> <span class='ocrx_word' id='word_1_190' title='bbox 1125 2257 1262 2318; x_wconf 83' lang='lat' dir='ltr'><strong>Pollione·</strong></span> <span class='ocrx_word' id='word_1_191' title='bbox 1274 2259 1391 2318; x_wconf 90' lang='lat' dir='ltr'><strong>iuniore</strong></span> <span class='ocrx_word' id='word_1_192' title='bbox 1411 2277 1472 2319; x_wconf 92' lang='lat' dir='ltr'><strong>cos.</strong></span> <span class='ocrx_word' id='word_1_193' title='bbox 1488 2259 1525 2320; x_wconf 89' lang='grc'><strong>23</strong></span> <span class='ocrx_word' id='word_1_194' title='bbox 1542 2279 1573 2336; x_wconf 89' lang='lat' dir='ltr'><strong>p.</strong></span> <span class='ocrx_word' id='word_1_195' title='bbox 1589 2259 1663 2322; x_wconf 82' lang='lat' dir='ltr'><strong>Chr.</strong></span> 
     </span>
    </p>
   </div>
   <div class='ocr_carea' id='block_1_3' title="bbox 224 2355 1665 2442">
    <p class='ocr_par' dir='ltr' id='par_1_4' title="bbox 224 2355 1665 2442">
     <span class='ocr_line' id='line_1_18' title="bbox 224 2355 1665 2442; baseline 0.001 -22"><span class='ocrx_word' id='word_1_196' title='bbox 224 2407 227 2412; x_wconf 22' lang='grc' dir='ltr'><strong>Δ</strong></span> <span class='ocrx_word' id='word_1_197' title='bbox 339 2363 427 2421; x_wconf 83' lang='lat' dir='ltr'><strong>Alter</strong></span> <span class='ocrx_word' id='word_1_198' title='bbox 447 2361 553 2421; x_wconf 89' lang='lat' dir='ltr'><strong>titulus</strong></span> <span class='ocrx_word' id='word_1_199' title='bbox 574 2379 594 2421; x_wconf 87' lang='lat' dir='ltr'><strong>a</strong></span> <span class='ocrx_word' id='word_1_200' title='bbox 613 2359 794 2418; x_wconf 85' lang='lat' dir='ltr'><strong>Kumanude</strong></span> <span class='ocrx_word' id='word_1_201' title='bbox 813 2360 845 2417; x_wconf 91' lang='lat' dir='ltr'><strong>in</strong></span> <span class='ocrx_word' id='word_1_202' title='bbox 866 2359 970 2418; x_wconf 89' lang='lat' dir='ltr'><strong>eodem</strong></span> <span class='ocrx_word' id='word_1_203' title='bbox 989 2357 1090 2418; x_wconf 93' lang='lat' dir='ltr'><strong>libello</strong></span> <span class='ocrx_word' id='word_1_204' title='bbox 1113 2355 1156 2442; x_wconf 73' lang='lat' dir='ltr'><strong>cip.</strong></span> <span class='ocrx_word' id='word_1_205' title='bbox 1181 2360 1221 2417; x_wconf 88' lang='lat'><strong>40</strong></span> <span class='ocrx_word' id='word_1_206' title='bbox 1242 2369 1272 2418; x_wconf 90' lang='lat' dir='ltr'><strong>et</strong></span> <span class='ocrx_word' id='word_1_207' title='bbox 1293 2379 1312 2418; x_wconf 92' lang='lat' dir='ltr'><strong>a</strong></span> <span class='ocrx_word' id='word_1_208' title='bbox 1324 2359 1490 2420; x_wconf 89' lang='lat' dir='ltr'><strong>Pittakisio</strong></span> <span class='ocrx_word' id='word_1_209' title='bbox 1510 2361 1542 2421; x_wconf 90' lang='lat' dir='ltr'><strong>in</strong></span> <span class='ocrx_word' id='word_1_210' title='bbox 1560 2361 1665 2440; x_wconf 83' lang='lat' dir='ltr'><strong>Ephe·</strong></span> 
     </span>
    </p>
   </div>
   <div class='ocr_carea' id='block_1_4' title="bbox 299 2449 1684 4122">
    <p class='ocr_par' dir='ltr' id='par_1_5' title="bbox 299 2449 1684 4122">
     <span class='ocr_line' id='line_1_19' title="bbox 338 2449 1665 2544; baseline -0.002 -22"><span class='ocrx_word' id='word_1_211' title='bbox 338 2463 450 2522; x_wconf 85' lang='lat' dir='ltr'><strong>merids</strong></span> <span class='ocrx_word' id='word_1_212' title='bbox 474 2459 702 2536; x_wconf 87' lang='lat' dir='ltr'><strong>archaeologica</strong></span> <span class='ocrx_word' id='word_1_213' title='bbox 727 2479 757 2517; x_wconf 91' lang='lat' dir='ltr'><strong>n.</strong></span> <span class='ocrx_word' id='word_1_214' title='bbox 775 2459 861 2544; x_wconf 11' lang='lat'>‘4080</span> <span class='ocrx_word' id='word_1_215' title='bbox 892 2459 990 2518; x_wconf 89' lang='lat' dir='ltr'><strong>editus</strong></span> <span class='ocrx_word' id='word_1_216' title='bbox 1010 2455 1045 2516; x_wconf 82' lang='lat'><strong>‘0</strong></span> <span class='ocrx_word' id='word_1_217' title='bbox 1067 2453 1154 2530; x_wconf 78' lang='grc' dir='ltr'>δῆμος</span> <span class='ocrx_word' id='word_1_218' title='bbox 1176 2457 1182 2536; x_wconf 92' lang='grc' dir='ltr'>Ι</span> <span class='ocrx_word' id='word_1_219' title='bbox 1207 2449 1331 2516; x_wconf 74' lang='grc' dir='ltr'>Πέπλων</span> <span class='ocrx_word' id='word_1_220' title='bbox 1356 2451 1518 2543; x_wconf 67' lang='grc' dir='ltr'><strong>ΚορυήλιΙον</strong></span> <span class='ocrx_word' id='word_1_221' title='bbox 1534 2453 1665 2520; x_wconf 67' lang='lat' dir='ltr'><strong>Heraion</strong></span> 
     </span>
     <span class='ocr_line' id='line_1_20' title="bbox 337 2547 1666 2643; baseline 0.001 -21"><span class='ocrx_word' id='word_1_222' title='bbox 337 2558 389 2622; x_wconf 74' lang='grc' dir='ltr'><strong>ὖδν</strong></span> <span class='ocrx_word' id='word_1_223' title='bbox 413 2551 613 2642; x_wconf 68' lang='grc' dir='ltr'>ΔοΙλαΒὲλλαν</span> <span class='ocrx_word' id='word_1_224' title='bbox 640 2553 808 2642; x_wconf 60' lang='grc' dir='ltr'><strong>στρατηΙγὶν</strong></span> <span class='ocrx_word' id='word_1_225' title='bbox 834 2555 935 2643; x_wconf 66' lang='grc' dir='ltr'>ἀρετῆς</span> <span class='ocrx_word' id='word_1_226' title='bbox 958 2547 1058 2616; x_wconf 69' lang='grc' dir='ltr'><em>ἕνεκεν·</em></span> <span class='ocrx_word' id='word_1_227' title='bbox 1104 2559 1205 2636; x_wconf 77' lang='lat' dir='ltr'><strong>Atque</strong></span> <span class='ocrx_word' id='word_1_228' title='bbox 1229 2559 1412 2620; x_wconf 71' lang='lat' dir='ltr'><strong>Pittakisius</strong></span> <span class='ocrx_word' id='word_1_229' title='bbox 1437 2561 1559 2636; x_wconf 82' lang='lat' dir='ltr'><strong>quidem</strong></span> <span class='ocrx_word' id='word_1_230' title='bbox 1576 2563 1666 2639; x_wconf 78' lang='lat' dir='ltr'><strong>&#39;nillil</strong></span> 
     </span>
     <span class='ocr_line' id='line_1_21' title="bbox 338 2659 1666 2738; baseline 0 -16"><span class='ocrx_word' id='word_1_231' title='bbox 338 2663 460 2723; x_wconf 89' lang='lat' dir='ltr'><strong>omniuo</strong></span> <span class='ocrx_word' id='word_1_232' title='bbox 482 2661 519 2719; x_wconf 83' lang='lat' dir='ltr'><strong>da</strong></span> <span class='ocrx_word' id='word_1_233' title='bbox 541 2679 577 2719; x_wconf 88' lang='lat' dir='ltr'><strong>eo</strong></span> <span class='ocrx_word' id='word_1_234' title='bbox 598 2659 686 2718; x_wconf 89' lang='lat' dir='ltr'><strong>titulo</strong></span> <span class='ocrx_word' id='word_1_235' title='bbox 708 2660 790 2732; x_wconf 90' lang='lat' dir='ltr'><strong>dicit,</strong></span> <span class='ocrx_word' id='word_1_236' title='bbox 810 2659 1005 2719; x_wconf 88' lang='lat' dir='ltr'><strong>Kumanudes</strong></span> <span class='ocrx_word' id='word_1_237' title='bbox 1027 2667 1109 2732; x_wconf 81' lang='lat' dir='ltr'><strong>vcro,</strong></span> <span class='ocrx_word' id='word_1_238' title='bbox 1130 2660 1221 2719; x_wconf 91' lang='lat' dir='ltr'><strong>homo</strong></span> <span class='ocrx_word' id='word_1_239' title='bbox 1248 2667 1278 2720; x_wconf 90' lang='lat' dir='ltr'><strong>et</strong></span> <span class='ocrx_word' id='word_1_240' title='bbox 1298 2660 1453 2738; x_wconf 83' lang='lat' dir='ltr'><strong>diligentia</strong></span> <span class='ocrx_word' id='word_1_241' title='bbox 1475 2669 1506 2721; x_wconf 88' lang='lat' dir='ltr'><strong>et</strong></span> <span class='ocrx_word' id='word_1_242' title='bbox 1525 2661 1666 2722; x_wconf 86' lang='lat' dir='ltr'><strong>doctrina</strong></span> 
     </span>
     <span class='ocr_line' id='line_1_22' title="bbox 337 2760 1684 2840; baseline 0.001 -17"><span class='ocrx_word' id='word_1_243' title='bbox 337 2764 482 2839; x_wconf 80' lang='lat' dir='ltr'><strong>insignis,</strong></span> <span class='ocrx_word' id='word_1_244' title='bbox 506 2761 586 2818; x_wconf 89' lang='lat' dir='ltr'><strong>hunc</strong></span> <span class='ocrx_word' id='word_1_245' title='bbox 610 2760 803 2819; x_wconf 85' lang='lat' dir='ltr'><strong>Dolabellam</strong></span> <span class='ocrx_word' id='word_1_246' title='bbox 830 2761 976 2838; x_wconf 85' lang='lat' dir='ltr'><strong>collegam</strong></span> <span class='ocrx_word' id='word_1_247' title='bbox 997 2761 1123 2819; x_wconf 84' lang='lat' dir='ltr'><strong>Antonii</strong></span> <span class='ocrx_word' id='word_1_248' title='bbox 1149 2761 1181 2818; x_wconf 89' lang='lat' dir='ltr'><strong>in</strong></span> <span class='ocrx_word' id='word_1_249' title='bbox 1208 2763 1368 2820; x_wconf 81' lang='lat' dir='ltr'><strong>consulatu</strong></span> <span class='ocrx_word' id='word_1_250' title='bbox 1389 2761 1445 2838; x_wconf 79' lang='lat'><strong>(44</strong></span> <span class='ocrx_word' id='word_1_251' title='bbox 1466 2781 1493 2821; x_wconf 87' lang='lat' dir='ltr'><strong>a.</strong></span> <span class='ocrx_word' id='word_1_252' title='bbox 1517 2761 1606 2840; x_wconf 87' lang='lat' dir='ltr'><strong>Chr.)</strong></span> <span class='ocrx_word' id='word_1_253' title='bbox 1632 2773 1684 2824; x_wconf 87' lang='lat' dir='ltr'><strong>et·</strong></span> 
     </span>
     <span class='ocr_line' id='line_1_23' title="bbox 337 2859 1664 2942; baseline 0.002 -21"><span class='ocrx_word' id='word_1_254' title='bbox 337 2881 480 2942; x_wconf 83' lang='lat' dir='ltr'><strong>generum</strong></span> <span class='ocrx_word' id='word_1_255' title='bbox 501 2859 655 2920; x_wconf 80' lang='lat' dir='ltr'><strong>Ciceronis</strong></span> <span class='ocrx_word' id='word_1_256' title='bbox 676 2876 745 2918; x_wconf 87' lang='lat' dir='ltr'><strong>esse</strong></span> <span class='ocrx_word' id='word_1_257' title='bbox 766 2861 838 2919; x_wconf 89' lang='lat' dir='ltr'><strong>vult.</strong></span> <span class='ocrx_word' id='word_1_258' title='bbox 883 2859 952 2934; x_wconf 81' lang='lat' dir='ltr'><strong>Qua</strong></span> <span class='ocrx_word' id='word_1_259' title='bbox 979 2863 1010 2920; x_wconf 92' lang='lat' dir='ltr'><strong>in</strong></span> <span class='ocrx_word' id='word_1_260' title='bbox 1034 2881 1072 2942; x_wconf 83' lang='lat' dir='ltr'><strong>re¹</strong></span> <span class='ocrx_word' id='word_1_261' title='bbox 1089 2870 1188 2920; x_wconf 88' lang='lat' dir='ltr'><strong>tamen</strong></span> <span class='ocrx_word' id='word_1_262' title='bbox 1208 2863 1332 2942; x_wconf 80' lang='lat' dir='ltr'><strong>erratit=</strong></span> <span class='ocrx_word' id='word_1_263' title='bbox 1362 2881 1432 2921; x_wconf 91' lang='lat' dir='ltr'><strong>nam</strong></span> <span class='ocrx_word' id='word_1_264' title='bbox 1458 2863 1558 2923; x_wconf 89' lang='lat' dir='ltr'><strong>illum·</strong></span> <span class='ocrx_word' id='word_1_265' title='bbox 1573 2883 1664 2942; x_wconf 85' lang='lat' dir='ltr'><strong>prae·</strong></span> 
     </span>
     <span class='ocr_line' id='line_1_24' title="bbox 323 2955 1666 3046; baseline 0.004 -25"><span class='ocrx_word' id='word_1_266' title='bbox 323 2972 433 3046; x_wconf 33' lang='lat' dir='ltr'><strong>‚torem</strong></span> <span class='ocrx_word' id='word_1_267' title='bbox 459 2978 520 3018; x_wconf 92' lang='lat' dir='ltr'><strong>non</strong></span> <span class='ocrx_word' id='word_1_268' title='bbox 544 2960 655 3032; x_wconf 86' lang='lat' dir='ltr'><strong>fuisse,</strong></span> <span class='ocrx_word' id='word_1_269' title='bbox 690 2959 744 3018; x_wconf 85' lang='lat' dir='ltr'><strong>sed</strong></span> <span class='ocrx_word' id='word_1_270' title='bbox 768 2961 883 3020; x_wconf 88' lang='lat' dir='ltr'><strong>omissa</strong></span> <span class='ocrx_word' id='word_1_271' title='bbox 903 2968 1045 3039; x_wconf 84' lang='lat' dir='ltr'><strong>praetura</strong></span> <span class='ocrx_word' id='word_1_272' title='bbox 1072 2962 1173 3022; x_wconf 89' lang='lat' dir='ltr'><strong>statim</strong></span> <span class='ocrx_word' id='word_1_273' title='bbox 1206 2960 1245 3019; x_wconf 89' lang='lat' dir='ltr'><strong>ad</strong></span> <span class='ocrx_word' id='word_1_274' title='bbox 1273 2955 1462 3022; x_wconf 86' lang='lat' dir='ltr'><strong>consulatum</strong></span> <span class='ocrx_word' id='word_1_275' title='bbox 1488 2967 1666 3039; x_wconf 82' lang='lat' dir='ltr'><strong>pervenisse</strong></span> 
     </span>
     <span class='ocr_line' id='line_1_25' title="bbox 337 3059 1664 3141; baseline 0.004 -20"><span class='ocrx_word' id='word_1_276' title='bbox 337 3061 471 3141; x_wconf 88' lang='lat' dir='ltr'><strong>Appiani</strong></span> <span class='ocrx_word' id='word_1_277' title='bbox 496 3069 527 3120; x_wconf 88' lang='lat' dir='ltr'><strong>et</strong></span> <span class='ocrx_word' id='word_1_278' title='bbox 552 3059 663 3120; x_wconf 90' lang='lat' dir='ltr'><strong>Dionis</strong></span> <span class='ocrx_word' id='word_1_279' title='bbox 689 3061 869 3120; x_wconf 83' lang='lat' dir='ltr'><strong>testimoniis</strong></span> <span class='ocrx_word' id='word_1_280' title='bbox 896 3070 1015 3122; x_wconf 90' lang='lat' dir='ltr'><strong>constat</strong></span> <span class='ocrx_word' id='word_1_281' title='bbox 1046 3063 1099 3138; x_wconf 87' lang='lat' dir='ltr'><strong>(cf.</strong></span> <span class='ocrx_word' id='word_1_282' title='bbox 1125 3062 1308 3134; x_wconf 83' lang='lat' dir='ltr'><strong>Mommsen,</strong></span> <span class='ocrx_word' id='word_1_283' title='bbox 1342 3063 1412 3122; x_wconf 75' lang='lat' dir='ltr'><strong>rim.</strong></span> <span class='ocrx_word' id='word_1_284' title='bbox 1441 3063 1664 3126; x_wconf 78' lang='lat' dir='ltr'><strong>Stactarecbtl</strong></span> 
     </span>
     <span class='ocr_line' id='line_1_26' title="bbox 299 3159 1664 3241; baseline 0.004 -21"><span class='ocrx_word' id='word_1_285' title='bbox 299 3213 302 3220; x_wconf 91' lang='lat'><strong>.</strong></span> <span class='ocrx_word' id='word_1_286' title='bbox 336 3181 366 3241; x_wconf 92' lang='lat' dir='ltr'><strong>p.</strong></span> <span class='ocrx_word' id='word_1_287' title='bbox 388 3159 474 3237; x_wconf 88' lang='lat'><strong>443).</strong></span> <span class='ocrx_word' id='word_1_288' title='bbox 510 3159 613 3235; x_wconf 80' lang='lat' dir='ltr'><strong>Quare</strong></span> <span class='ocrx_word' id='word_1_289' title='bbox 632 3160 824 3236; x_wconf 82' lang='lat' dir='ltr'><strong>Dolabellam</strong></span> <span class='ocrx_word' id='word_1_290' title='bbox 840 3173 1012 3238; x_wconf 80' lang='lat' dir='ltr'><strong>praetorem,</strong></span> <span class='ocrx_word' id='word_1_291' title='bbox 1034 3163 1086 3238; x_wconf 90' lang='lat' dir='ltr'><strong>qui</strong></span> <span class='ocrx_word' id='word_1_292' title='bbox 1107 3164 1138 3221; x_wconf 90' lang='lat' dir='ltr'><strong>in</strong></span> <span class='ocrx_word' id='word_1_293' title='bbox 1159 3162 1247 3220; x_wconf 88' lang='lat' dir='ltr'><strong>titulo</strong></span> <span class='ocrx_word' id='word_1_294' title='bbox 1264 3162 1367 3221; x_wconf 88' lang='lat' dir='ltr'><strong>Attico</strong></span> <span class='ocrx_word' id='word_1_295' title='bbox 1388 3173 1444 3236; x_wconf 91' lang='lat' dir='ltr'><strong>est,</strong></span> <span class='ocrx_word' id='word_1_296' title='bbox 1465 3165 1569 3241; x_wconf 89' lang='lat' dir='ltr'><strong>potius</strong></span> <span class='ocrx_word' id='word_1_297' title='bbox 1590 3183 1664 3226; x_wconf 90' lang='lat' dir='ltr'><strong>con·</strong></span> 
     </span>
     <span class='ocr_line' id='line_1_27' title="bbox 338 3260 1661 3340; baseline 0.002 -16"><span class='ocrx_word' id='word_1_298' title='bbox 338 3263 435 3324; x_wconf 91' lang='lat' dir='ltr'><strong>sulem</strong></span> <span class='ocrx_word' id='word_1_299' title='bbox 455 3263 527 3320; x_wconf 89' lang='lat' dir='ltr'><strong>anni</strong></span> <span class='ocrx_word' id='word_1_300' title='bbox 550 3263 588 3321; x_wconf 92' lang='lat'><strong>10</strong></span> <span class='ocrx_word' id='word_1_301' title='bbox 608 3279 639 3336; x_wconf 89' lang='lat' dir='ltr'><strong>p.</strong></span> <span class='ocrx_word' id='word_1_302' title='bbox 662 3260 734 3329; x_wconf 81' lang='lat' dir='ltr'><strong>Chr.</strong></span> <span class='ocrx_word' id='word_1_303' title='bbox 756 3277 823 3321; x_wconf 89' lang='lat' dir='ltr'><strong>esse</strong></span> <span class='ocrx_word' id='word_1_304' title='bbox 843 3271 927 3340; x_wconf 86' lang='lat' dir='ltr'><strong>puto,</strong></span> <span class='ocrx_word' id='word_1_305' title='bbox 949 3281 1038 3338; x_wconf 85' lang='lat' dir='ltr'><strong>quem</strong></span> <span class='ocrx_word' id='word_1_306' title='bbox 1061 3262 1145 3322; x_wconf 88' lang='lat' dir='ltr'><strong>illius</strong></span> <span class='ocrx_word' id='word_1_307' title='bbox 1165 3262 1260 3321; x_wconf 90' lang='lat' dir='ltr'><strong>filium</strong></span> <span class='ocrx_word' id='word_1_308' title='bbox 1280 3263 1377 3322; x_wconf 84' lang='lat' dir='ltr'><strong>fuisse</strong></span> <span class='ocrx_word' id='word_1_309' title='bbox 1398 3263 1462 3322; x_wconf 83' lang='lat' dir='ltr'><strong>veri</strong></span> <span class='ocrx_word' id='word_1_310' title='bbox 1483 3265 1583 3324; x_wconf 88' lang='lat' dir='ltr'><strong>simile</strong></span> <span class='ocrx_word' id='word_1_311' title='bbox 1604 3273 1661 3333; x_wconf 85' lang='lat' dir='ltr'><strong>est</strong></span> 
     </span>
     <span class='ocr_line' id='line_1_28' title="bbox 336 3359 1664 3444; baseline 0.002 -21"><span class='ocrx_word' id='word_1_312' title='bbox 336 3364 413 3423; x_wconf 87' lang='lat' dir='ltr'><strong>Post</strong></span> <span class='ocrx_word' id='word_1_313' title='bbox 432 3378 500 3420; x_wconf 89' lang='lat' dir='ltr'><strong>eum</strong></span> <span class='ocrx_word' id='word_1_314' title='bbox 521 3379 582 3420; x_wconf 90' lang='lat' dir='ltr'><strong>non</strong></span> <span class='ocrx_word' id='word_1_315' title='bbox 603 3363 702 3420; x_wconf 92' lang='lat' dir='ltr'><strong>solum</strong></span> <span class='ocrx_word' id='word_1_316' title='bbox 723 3363 775 3437; x_wconf 89' lang='lat' dir='ltr'><strong>qui</strong></span> <span class='ocrx_word' id='word_1_317' title='bbox 796 3379 874 3420; x_wconf 90' lang='lat' dir='ltr'><strong>unus</strong></span> <span class='ocrx_word' id='word_1_318' title='bbox 897 3363 936 3420; x_wconf 90' lang='lat' dir='ltr'><strong>ad</strong></span> <span class='ocrx_word' id='word_1_319' title='bbox 956 3362 1143 3421; x_wconf 91' lang='lat' dir='ltr'><strong>consulatum</strong></span> <span class='ocrx_word' id='word_1_320' title='bbox 1162 3364 1300 3444; x_wconf 84' lang='lat' dir='ltr'><strong>pervenit</strong></span> <span class='ocrx_word' id='word_1_321' title='bbox 1321 3359 1478 3424; x_wconf 78' lang='lat' dir='ltr'><strong>Cornelius</strong></span> <span class='ocrx_word' id='word_1_322' title='bbox 1497 3364 1664 3426; x_wconf 88' lang='lat' dir='ltr'><strong>Dolabella</strong></span> 
     </span>
     <span class='ocr_line' id='line_1_29' title="bbox 337 3459 1662 3542; baseline 0.005 -21"><span class='ocrx_word' id='word_1_323' title='bbox 337 3462 391 3540; x_wconf 87' lang='grc'><strong>(86</strong></span> <span class='ocrx_word' id='word_1_324' title='bbox 413 3479 442 3537; x_wconf 89' lang='lat' dir='ltr'><strong>p.</strong></span> <span class='ocrx_word' id='word_1_325' title='bbox 466 3459 562 3537; x_wconf 70' lang='lat' dir='ltr'><strong>(ihu),</strong></span> <span class='ocrx_word' id='word_1_326' title='bbox 584 3463 636 3537; x_wconf 92' lang='lat' dir='ltr'><strong>qui</strong></span> <span class='ocrx_word' id='word_1_327' title='bbox 656 3461 738 3520; x_wconf 87' lang='lat' dir='ltr'><strong>illius</strong></span> <span class='ocrx_word' id='word_1_328' title='bbox 758 3480 852 3539; x_wconf 88' lang='lat' dir='ltr'><strong>nepos</strong></span> <span class='ocrx_word' id='word_1_329' title='bbox 876 3463 942 3520; x_wconf 89' lang='lat' dir='ltr'><strong>sine</strong></span> <span class='ocrx_word' id='word_1_330' title='bbox 963 3461 1052 3520; x_wconf 84' lang='lat' dir='ltr'><strong>dubio</strong></span> <span class='ocrx_word' id='word_1_331' title='bbox 1070 3461 1137 3534; x_wconf 78' lang='lat' dir='ltr'><strong>luit,</strong></span> <span class='ocrx_word' id='word_1_332' title='bbox 1159 3462 1255 3523; x_wconf 80' lang='lat' dir='ltr'><strong>Servii</strong></span> <span class='ocrx_word' id='word_1_333' title='bbox 1274 3481 1457 3541; x_wconf 88' lang='lat' dir='ltr'><strong>praenomen</strong></span> <span class='ocrx_word' id='word_1_334' title='bbox 1476 3465 1582 3542; x_wconf 84' lang='lat' dir='ltr'><strong>gessit,</strong></span> <span class='ocrx_word' id='word_1_335' title='bbox 1605 3468 1662 3527; x_wconf 84' lang='lat' dir='ltr'><strong>scd</strong></span> 
     </span>
     <span class='ocr_line' id='line_1_30' title="bbox 335 3552 1661 3639; baseline 0.003 -17"><span class='ocrx_word' id='word_1_336' title='bbox 335 3552 428 3622; x_wconf 88' lang='lat' dir='ltr'><strong>etiam</strong></span> <span class='ocrx_word' id='word_1_337' title='bbox 454 3563 542 3620; x_wconf 90' lang='lat' dir='ltr'><strong>huius</strong></span> <span class='ocrx_word' id='word_1_338' title='bbox 569 3569 699 3638; x_wconf 88' lang='lat' dir='ltr'><strong>patrem,</strong></span> <span class='ocrx_word' id='word_1_339' title='bbox 727 3561 810 3620; x_wconf 91' lang='lat' dir='ltr'><strong>illius</strong></span> <span class='ocrx_word' id='word_1_340' title='bbox 835 3562 928 3622; x_wconf 87' lang='lat' dir='ltr'><strong>lilium</strong></span> <span class='ocrx_word' id='word_1_341' title='bbox 954 3562 1061 3620; x_wconf 87' lang='lat' dir='ltr'><strong>eodem</strong></span> <span class='ocrx_word' id='word_1_342' title='bbox 1084 3563 1278 3639; x_wconf 87' lang='lat' dir='ltr'><strong>praenomine</strong></span> <span class='ocrx_word' id='word_1_343' title='bbox 1300 3581 1388 3624; x_wconf 91' lang='lat' dir='ltr'><strong>usum</strong></span> <span class='ocrx_word' id='word_1_344' title='bbox 1409 3581 1487 3638; x_wconf 86' lang='lat' dir='ltr'><strong>csse,</strong></span> <span class='ocrx_word' id='word_1_345' title='bbox 1509 3585 1549 3624; x_wconf 84' lang='lat' dir='ltr'><strong>ex</strong></span> <span class='ocrx_word' id='word_1_346' title='bbox 1569 3565 1661 3626; x_wconf 85' lang='lat' dir='ltr'><strong>titulo</strong></span> 
     </span>
     <span class='ocr_line' id='line_1_31' title="bbox 335 3660 1661 3738; baseline 0.003 -16"><span class='ocrx_word' id='word_1_347' title='bbox 335 3660 581 3723; x_wconf 84' lang='lat' dir='ltr'><strong>Orelli-Henzen</strong></span> <span class='ocrx_word' id='word_1_348' title='bbox 608 3661 688 3721; x_wconf 83' lang='lat'><strong>5999</strong></span> <span class='ocrx_word' id='word_1_349' title='bbox 716 3669 855 3738; x_wconf 88' lang='lat' dir='ltr'><strong>apparet,</strong></span> <span class='ocrx_word' id='word_1_350' title='bbox 886 3663 938 3721; x_wconf 95' lang='lat' dir='ltr'><strong>ubi</strong></span> <span class='ocrx_word' id='word_1_351' title='bbox 966 3663 1073 3721; x_wconf 90' lang='lat' dir='ltr'><strong>consul</strong></span> <span class='ocrx_word' id='word_1_352' title='bbox 1098 3664 1170 3722; x_wconf 90' lang='lat' dir='ltr'><strong>anni</strong></span> <span class='ocrx_word' id='word_1_353' title='bbox 1199 3663 1239 3722; x_wconf 90' lang='lat'><strong>86</strong></span> <span class='ocrx_word' id='word_1_354' title='bbox 1267 3673 1390 3724; x_wconf 87' lang='lat' dir='ltr'><strong>vocatur</strong></span> <span class='ocrx_word' id='word_1_355' title='bbox 1416 3663 1481 3724; x_wconf 80' lang='lat' dir='ltr'><strong>Ser.</strong></span> <span class='ocrx_word' id='word_1_356' title='bbox 1507 3663 1661 3728; x_wconf 68' lang='lat' dir='ltr'><strong>Corneliae</strong></span> 
     </span>
     <span class='ocr_line' id='line_1_32' title="bbox 336 3760 1659 3840; baseline 0.004 -19"><span class='ocrx_word' id='word_1_357' title='bbox 336 3760 400 3821; x_wconf 79' lang='lat' dir='ltr'><strong>Ser.</strong></span> <span class='ocrx_word' id='word_1_358' title='bbox 421 3762 450 3835; x_wconf 90' lang='lat' dir='ltr'><strong>s.</strong></span> <span class='ocrx_word' id='word_1_359' title='bbox 476 3761 511 3818; x_wconf 91' lang='lat' dir='ltr'><strong>P.</strong></span> <span class='ocrx_word' id='word_1_360' title='bbox 533 3779 596 3836; x_wconf 83' lang='lat' dir='ltr'><strong>nep.</strong></span> <span class='ocrx_word' id='word_1_361' title='bbox 618 3761 654 3820; x_wconf 90' lang='lat' dir='ltr'><strong>P.</strong></span> <span class='ocrx_word' id='word_1_362' title='bbox 676 3781 762 3836; x_wconf 81' lang='lat' dir='ltr'><strong>pron.</strong></span> <span class='ocrx_word' id='word_1_363' title='bbox 783 3762 821 3820; x_wconf 90' lang='lat' dir='ltr'><strong>P.</strong></span> <span class='ocrx_word' id='word_1_364' title='bbox 843 3763 909 3822; x_wconf 80' lang='lat' dir='ltr'><strong>aba.</strong></span> <span class='ocrx_word' id='word_1_365' title='bbox 934 3761 1093 3823; x_wconf 81' lang='lat' dir='ltr'><strong>Dolabella</strong></span> <span class='ocrx_word' id='word_1_366' title='bbox 1112 3763 1283 3824; x_wconf 83' lang='lat' dir='ltr'><strong>Metilianaa</strong></span> <span class='ocrx_word' id='word_1_367' title='bbox 1308 3763 1463 3840; x_wconf 79' lang='lat' dir='ltr'><strong>Pompeiae</strong></span> <span class='ocrx_word' id='word_1_368' title='bbox 1483 3765 1659 3828; x_wconf 76' lang='lat' dir='ltr'><strong>Marcellae.</strong></span> 
     </span>
     <span class='ocr_line' id='line_1_33' title="bbox 335 3858 1660 3942; baseline 0.005 -23"><span class='ocrx_word' id='word_1_369' title='bbox 335 3858 435 3934; x_wconf 81' lang='lat' dir='ltr'><strong>Quum</strong></span> <span class='ocrx_word' id='word_1_370' title='bbox 463 3860 555 3938; x_wconf 82' lang='lat' dir='ltr'><strong>igitur</strong></span> <span class='ocrx_word' id='word_1_371' title='bbox 580 3861 687 3920; x_wconf 89' lang='lat' dir='ltr'><strong>consul</strong></span> <span class='ocrx_word' id='word_1_372' title='bbox 713 3862 784 3922; x_wconf 89' lang='lat' dir='ltr'><strong>anni</strong></span> <span class='ocrx_word' id='word_1_373' title='bbox 811 3863 858 3920; x_wconf 27' lang='lat'><strong>10¹</strong></span> <span class='ocrx_word' id='word_1_374' title='bbox 871 3881 901 3938; x_wconf 92' lang='lat' dir='ltr'><strong>p.</strong></span> <span class='ocrx_word' id='word_1_375' title='bbox 924 3860 995 3922; x_wconf 86' lang='lat' dir='ltr'><strong>Chr.</strong></span> <span class='ocrx_word' id='word_1_376' title='bbox 1021 3863 1246 3924; x_wconf 85' lang='lat' dir='ltr'><strong>recentissimus</strong></span> <span class='ocrx_word' id='word_1_377' title='bbox 1273 3881 1342 3924; x_wconf 88' lang='lat' dir='ltr'><strong>esse</strong></span> <span class='ocrx_word' id='word_1_378' title='bbox 1367 3865 1519 3937; x_wconf 85' lang='lat' dir='ltr'><strong>videatur,</strong></span> <span class='ocrx_word' id='word_1_379' title='bbox 1540 3867 1598 3942; x_wconf 51' lang='lat' dir='ltr'><strong>¹qui</strong></span> <span class='ocrx_word' id='word_1_380' title='bbox 1625 3868 1660 3926; x_wconf 90' lang='lat' dir='ltr'><strong>in</strong></span> 
     </span>
     <span class='ocr_line' id='line_1_34' title="bbox 333 3957 1658 4058; baseline 0.007 -40"><span class='ocrx_word' id='word_1_381' title='bbox 333 3961 390 4020; x_wconf 88' lang='lat' dir='ltr'><strong>lrao</strong></span> <span class='ocrx_word' id='word_1_382' title='bbox 410 3961 508 4037; x_wconf 83' lang='lat' dir='ltr'><strong>gentis</strong></span> <span class='ocrx_word' id='word_1_383' title='bbox 530 3957 688 4022; x_wconf 82' lang='lat' dir='ltr'><strong>Corneliae</strong></span> <span class='ocrx_word' id='word_1_384' title='bbox 709 3957 802 4058; x_wconf 84' lang='lat' dir='ltr'><strong>stirpe</strong></span> <span class='ocrx_word' id='word_1_385' title='bbox 820 3961 944 4023; x_wconf 78' lang='lat' dir='ltr'><strong>Publica</strong></span> <span class='ocrx_word' id='word_1_386' title='bbox 964 3963 1135 4024; x_wconf 88' lang='lat' dir='ltr'><strong>nominatus</strong></span> <span class='ocrx_word' id='word_1_387' title='bbox 1155 3963 1260 4037; x_wconf 82' lang='lat' dir='ltr'><strong>fuerit,</strong></span> <span class='ocrx_word' id='word_1_388' title='bbox 1288 3965 1317 4024; x_wconf 92' lang='lat' dir='ltr'><strong>ei</strong></span> <span class='ocrx_word' id='word_1_389' title='bbox 1336 3964 1442 4025; x_wconf 87' lang='lat' dir='ltr'><strong>titulus</strong></span> <span class='ocrx_word' id='word_1_390' title='bbox 1462 3960 1581 4027; x_wconf 78' lang='lat' dir='ltr'><strong>Atticus</strong></span> <span class='ocrx_word' id='word_1_391' title='bbox 1604 3967 1658 4027; x_wconf 77' lang='lat' dir='ltr'><strong>arl-</strong></span> 
     </span>
     <span class='ocr_line' id='line_1_35' title="bbox 332 4058 1540 4122; baseline -0.004 0"><span class='ocrx_word' id='word_1_392' title='bbox 332 4058 508 4122; x_wconf 78' lang='lat' dir='ltr'><strong>scribendus</strong></span> <span class='ocrx_word' id='word_1_393' title='bbox 528 4061 594 4122; x_wconf 83' lang='lat' dir='ltr'><strong>crit</strong></span> <span class='ocrx_word' id='word_1_394' title='bbox 1537 4087 1540 4095; x_wconf 91' lang='lat'>·</span> 
     </span>
    </p>
   </div>
   <div class='ocr_carea' id='block_1_5' title="bbox 1188 4319 1450 4406">
    <p class='ocr_par' dir='ltr' id='par_1_6' title="bbox 1188 4319 1450 4406">
     <span class='ocr_line' id='line_1_36' title="bbox 1188 4319 1450 4406; baseline -0.008 -25"><span class='ocrx_word' id='word_1_395' title='bbox 1188 4319 1450 4406; x_wconf 26' lang='lat' dir='ltr'><strong>,cucumerem</strong></span> 
     </span>
    </p>
   </div>
   <div class='ocr_carea' id='block_1_6' title="bbox 0 0 1814 6080">
    <p class='ocr_par' dir='ltr' id='par_1_7' title="bbox 0 0 1814 6080">
     <span class='ocr_line' id='line_1_37' title="bbox 0 0 1814 6080; baseline 0 2"><span class='ocrx_word' id='word_1_396' title='bbox 0 0 1814 6080; x_wconf 95' lang='lat' dir='ltr'><strong> </strong></span> 
     </span>
    </p>
   </div>
  </div>
 </body>
</html>
