3568 6070
515 613 815 672 oasnsvsrroross
833 619 950 674 arros.
964 625 1039 676 vnr.
1118 663 1122 668 .
1367 617 1458 689 145·

124 711 1439 750 Μ

124 801 185 842 esse
205 803 241 842 ex
256 782 293 842 L.
308 784 420 844 Pisone
435 784 605 846 Caesonino
626 789 748 868 consule
769 807 796 849 a.
810 790 880 851 693.
917 793 1052 856 Eundem
1074 801 1228 874 probabile
1244 813 1291 864 est
1303 804 1439 870 ultimum

123 903 236 944 snorum
263 885 348 946 diem
367 887 480 946 obiisse
506 879 730 965 octogenarium
754 907 792 950 a.
803 911 832 969 p.
849 881 921 952 Chr.
938 893 977 953 32
1000 895 1187 972 (Tacitnsl.
1203 903 1260 981 c.);
1285 926 1355 968 nam
1380 913 1439 970 etsi

121 984 193 1044 filios
219 954 295 1044 dnos
322 1005 390 1045 eum
414 987 558 1047 habuisse
586 997 703 1050 constat
728 1011 767 1050 ex
792 992 912 1054 Horatii
938 997 1015 1054 ad
1006 1015 1106 1074 rpsum
1134 1002 1273 1081 filiosque
1299 1011 1437 1086 epistula,

120 1085 167 1142 vix
191 1103 242 1145 eos
267 1096 338 1165 post
359 1103 392 1146 se
416 1089 548 1165 reliquit.
591 1091 680 1150 Alter
704 1094 784 1152 enim
805 1111 909 1153 eorum
934 1103 965 1154 et
990 1100 1088 1158 maior
1107 1103 1241 1178 quidem,
1265 1127 1333 1168 cum
1353 1130 1438 1188 prae

120 1202 218 1243 nomen
243 1194 402 1264 paternum
428 1197 526 1266 gerat,
554 1191 717 1258 secundum
742 1195 927 1271 probabilem
950 1199 1152 1262 coniecturam
1173 1205 1331 1284 Borghesii
1354 1212 1437 1290 (opp.

120 1286 146 1356 5,
160 1286 231 1363 312)
251 1286 288 1346 L
311 1289 386 1348 Piso
412 1299 457 1350 est
482 1291 509 1349 is
535 1291 589 1366 qui
616 1292 733 1370 legatus
755 1293 923 1370 Hispaniae
944 1299 1091 1361 citerioris
1112 1305 1202 1382 pariit
1222 1327 1293 1384 ap.
1310 1305 1382 1371 Chr'.
1397 1313 1437 1373 26

119 1385 197 1460 (Τιι.
219 1406 288 1447 ann.
308 1391 329 1448 4
335 1390 424 1466 ,45).
467 1390 518 1448 Ad
545 1392 690 1452 minorem
712 1403 811 1453 autem
832 1397 913 1473 quod
934 1399 1054 1473 attinet,
1082 1422 1120 1462 ne
1145 1410 1293 1484 reperitur
1318 1413 1438 1487 quidem

118 1486 186 1546 Piso
212 1489 302 1563 alter,
330 1509 418 1567 quem
444 1491 588 1570 praefecti
613 1493 697 1552 illius
722 1495 816 1554 lilium
844 1498 966 1558 credere
987 1501 1092 1575 liceat,
1118 1507 1243 1570 utitem
1264 1516 1439 1586 patravivo
1475 1501 1478 1510 ⁴

118 1595 165 1645 aut
187 1588 266 1649 diem
292 1591 407 1652 obiisse
432 1575 570 1652 videatur
595 1599 648 1653 aut
674 1593 835 1672 adoptione
861 1617 901 1658 cx
925 1600 1040 1666 familia
1066 1604 1188 1666 exiisse.
1232 1607 1321 1672 Certe
1346 1614 1439 1702 Frugi

118 1706 273 1766 cognomen
301 1693 381 1768 apud
403 1691 585 1770 Calpurnios
612 1696 741 1772 amplius
767 1716 829 1757 non
854 1699 1014 1775 invenitur,
1040 1722 1137 1781 neque
1165 1727 1305 1786 umquam
1327 1733 1363 1773 eo
1385 1734 1442 1776 usa

118 1798 160 1848 est
179 1791 273 1851 altera
294 1795 388 1872 stirps
403 1779 635 1870 Calpurniorum
649 1795 806 1870 Pisonum,
828 1799 876 1858 cui
897 1803 1052 1877 proprium
1074 1813 1120 1864 est
1134 1827 1316 1884 praenomen
1332 1812 1441 1890 Gnaei,

118 1913 178 1954 cum
204 1894 294 1956 Lucii
322 1905 353 1955 et
379 1893 439 1956 Gai
464 1898 633 1956 communia
657 1898 767 1958 habeat
794 1917 862 1958 cum
890 1899 1067 1964 Caesoninis
1096 1913 1126 1964 ct
1151 1908 1253 1987 Frugi.
1294 1913 1442 1993 Princeps

118 1997 176 2056 eius
196 1997 313 2075 stirpis,
333 1997 386 2075 qui
407 1997 529 2074 quidem
550 1996 638 2056 nobis
652 2007 741 2058 notus
757 2001 806 2072 sit,
827 1999 883 2061 Cn.
899 2001 973 2061 Piso
995 2021 1055 2063 cos.
1079 2024 1106 2065 a.
1122 2027 1150 2066 u.
1166 2027 1191 2068 c.
1208 2010 1268 2070 615
1291 2018 1441 2090 quomodo

118 2098 152 2156 ad
177 2115 365 2158 communem
393 2098 538 2174 originem
567 2098 764 2176 applicandus
793 2103 848 2174 sit,
877 2101 978 2162 latet'
1007 2104 1176 2168 Duravisse
1205 2129 1271 2172 eam
1299 2117 1442 2182 extinctis

119 2197 289 2260 Caesoninis
313 2206 344 2258 et
364 2199 459 2275 Frugi
480 2208 511 2258 et
531 2206 635 2257 notum
656 2209 711 2272 cst
725 2209 755 2260 et
775 2202 854 2260 infra
875 2203 911 2261 de
930 2203 1092 2266 Pisonibus
1114 2208 1152 2268 iis
1172 2210 1296 2273 dicetur.

191 2298 252 2362 Sed
278 2319 343 2377 quo
369 2308 503 2376 tempore
526 2298 683 2376 Calpurnii
705 2301 832 2361 Pisones
853 2302 949 2382 Frugi
975 2323 1042 2365 esse
1070 2307 1224 2384 desinunt,
1254 2315 1358 2376 eodem
1379 2317 1442 2378 fere

117 2400 145 2458 in
169 2419 309 2462 scaenam
330 2401 454 2460 veniunt
475 2399 585 2460 Licinii
607 2399 709 2460 Crassi
731 2401 834 2480 Frugi
879 2402 1002 2465 Scilicet
1022 2409 1150 2483 primum
1173 2412 1237 2473 eius
1260 2415 1364 2494 stirpis
1385 2420 1444 2478 hoc
1473 2461 1476 2466 -

117 2504 287 2580 cognomine
321 2501 494 2562 distinctum
527 2502 696 2583 invenimus
728 2503 770 2562 M.
802 2502 951 2564 Licinium
985 2505 1131 2568 Crassum
1163 2512 1257 2592 Frugi
1289 2511 1443 2578 consulem

118 2622 182 2682 ap.
198 2603 268 2666 Chr.
287 2600 387 2680 271),
414 2604 499 2661 cuius
527 2604 578 2679 qui
599 2612 685 2680 pater
705 2603 800 2662 fuisse
820 2605 939 2664 videtur
959 2609 1065 2667 consul
1087 2629 1115 2670 a.
1131 2612 1250 2672 74οε
1271 2637 1298 2676 a
1315 2615 1386 2678 Chr.
1405 2623 1443 2680 14

117 2706 153 2766 M.
173 2705 311 2765 Licinius
334 2702 478 2774 Crassus,
505 2704 681 2782 cognomine
702 2705 797 2781 Frugi
822 2707 951 2766 abstinet
960 2706 1000 2784 1)
1045 2708 1220 2789 Cognomen
1241 2717 1348 2778 illud
1338 2719 1444 2780 111Li.

117 2807 215 2866 ciniam
241 2815 366 2886 gentem
392 2805 510 2864 illatum
537 2821 605 2863 esse
630 2823 691 2884 non
717 2813 818 2883 potest
844 2808 904 2866 nisi
930 2818 983 2868 aut
1008 2830 1027 2868 e
1048 2812 1141 2889 stirpe
1163 2822 1298 2876 materna
1318 2828 1371 2898 aut
1390 2840 1446 2898 per

118 2907 320 2986 adoptionem,
343 2907 487 2986 illamque
509 2907 685 2966 sententiam
707 2907 763 2966 viri
787 2907 868 2966 docti
888 2909 978 2969 hodie
999 2911 1062 2970 fere
1083 2913 1311 2990 amplectuntur.
1354 2921 1446 2980 Atei

119 3009 246 3086 opinioni
266 3009 335 3068 -hoc
360 3009 475 3079 obstat,
497 3006 584 3084 ¹quod
604 3007 734 3066 Pisones
755 3006 850 3085 Fru'gi
877 3009 954 3068 nulli
978 3012 1170 3076 inveniuntur
1195 3015 1266 3095 pos't
1291 3022 1445 3081 consulem

120 3129 143 3169 a.
158 3111 226 3183 739,
248 3129 343 3188 quem
364 3109 494 3168 vidimus
516 3108 619 3184 stirpis
641 3126 714 3168 suae
734 3107 830 3168 luisse
851 3110 946 3170 videri
969 3091 1123 3186 ultimnm3
1146 3118 1212 3177 eius
1234 3125 1333 3180 autem
1354 3122 1447 3182 liliam

119 3211 253 3288 nupsisse
274 3211 319 3272 M.
342 3193 456 3271 Crasso
477 3209 594 3269 consuli
615 3229 643 3269 ιι.
660 3209 727 3278 740,
747 3217 777 3268 et
800 3211 832 3270 in
854 3211 975 3270 domum
989 3233 1063 3286 eam
1084 3234 1151 3276 cum
1173 3219 1338 3280 hereditate
1358 3222 1447 3281 Piso-

118 3331 182 3371 num
203 3313 303 3390 Frugi
328 3313 418 3372 etiam
446 3309 626 3389 cognomina
652 3310 807 3382 intulisse,
834 3314 942 3371 aetatis
967 3315 1132 3374 rationibus
1159 3335 1220 3376 non
1247 3321 1323 3379 setis
1344 3299 1447 3398 aptum

118 3414 207 3504 esti).
250 3413 356 3491 Magis
382 3411 558 3473 crediderim
580 3411 621 3470 M.
644 3410 796 3470 Licinium
818 3410 962 3472 Crassum
984 3413 1079 3492 Frugi
1105 3417 1258 3502 consulem
1285 3439 1312 3479 a.
1329 3420 1368 3502 27
1394 3443 1446 3482 na-

119 3524 180 3575 tura
203 3516 303 3576 lilium
324 3514 420 3574 fuisse
441 3493 646 3588 minoremL.
668 3512 789 3572 Pisonis
811 3530 873 3572 cos.
897 3533 924 3572 a.
942 3514 1017 3586 739,
1046 3495 1169 3575 fratrem
1189 3517 1308 3597 igitur
1301 3522 1447 3583 minorem

118 3617 150 3676 L.
163 3617 291 3678 Pisonis
306 3615 397 3694 legati
411 3591 580 3690 Hispaniae
598 3633 626 3672 a.
640 3633 670 3691 p.
683 3611 756 3673 Chr.
769 3612 809 3672 26
830 3613 1039 3691 alterumque
1030 3635 1170 3694 iuvenum
1185 3637 1298 3692 corum,
1315 3622 1355 3679 ad
1369 3641 1447 3698 quos

119 3717 262 3788 Horatius
288 3717 326 3776 de
345 3717 433 3794 poesi
454 3714 613 3791 epistulam
635 3714 729 3786 dedit,
757 3714 883 3773 eundem
904 3715 1094 3792 adoptatum
1100 3727 1207 3796 postea
1228 3739 1247 3778 a
1267 3721 1309 3780 M.
1331 3720 1446 3784 Crasso

119 3822 272 3896 antiquum
293 3835 458 3895 cognomen
478 3817 649 3876 retinuisse.
685 3817 733 3875 lta
754 3817 833 3876 enim
855 3827 885 3875 et
905 3826 1041 3894 tempora
1061 3828 1131 3896 apte
1152 3821 1328 3882 ordinantur
1348 3831 1378 3884 et
1391 3827 1448 3884 mi·

120 3939 182 3980 rum
208 3922 245 3980 de
277 3919 372 3979 altero
399 3919 452 4003 illc
478 3917 541 3976 filio
568 3916 720 3978 silentium
739 3917 917 4004 ¹explicatur
943 3926 973 3977 et
999 3921 1209 3983 consuetudini
1234 3924 1383 3984 clararum
1403 3925 1448 3987 fa·

119 4021 270 4082 miliarum
291 4020 356 4081 eius
378 4019 484 4088 aetatis
506 4019 654 4090 convenit,
675 4025 708 4078 ut
729 4019 781 4095 qui
802 4019 870 4097 plus
891 4037 952 4077 uno
967 4019 1030 4090 filio
1046 4021 1178 4096 haberet,
1201 4023 1327 4084 alterum
1342 4026 1446 4088 liberis

121 4124 228 4184 carenti
250 4121 346 4182 nobili
366 4122 397 4180 iu
419 4111 609 4196 adoptionem
631 4119 724 4177 daret.
822 4123 826 4134 ’

121 4295 323 4309 Ὁ*-

196 4425 221 4489 1)
250 4421 290 4476 M.
302 4421 419 4476 Licinius
435 4417 653 4488 orarearmqa
671 4423 730 4473 fast.
747 4423 813 4472 Aru.
834 4423 949 4485 (Henzcn
962 4421 1032 4474 Ball.
1048 4425 1118 4475 1869
1136 4440 1162 4489 p.
1177 4423 1250 4486 123).
1277 4423 1316 4474 M.
1329 4423 1448 4477 Licinius

125 4514 245 4568 Οιαιιιιι
264 4515 345 4568 Orell.
360 4515 422 4566 156.
459 4511 498 4564 M.
521 4509 628 4564 Ονιιιιιι
645 4510 744 4580 Frugi:
763 4513 837 4566 erut.
852 4515 913 4576 200,
928 4513 953 4564 6.
973 4513 1053 4566 Orell.
1068 4515 1148 4566 3056.
1162 4515 1243 4566 3796.
1261 4515 1330 4566 Μιι.
1344 4517 1406 4580 302,
1421 4520 1446 4568 2.
1546 4567 1549 4572 .

122 4605 158 4659 M.
177 4605 310 4658 Licinias:
329 4607 435 4658 Tacitus
453 4621 513 4656 ann.
527 4607 558 4668 4,
569 4607 612 4655 27.
648 4601 755 4655 Crassus
771 4601 870 4671 Frugi:
890 4604 1162 4668 Sueton.Claud.17;
1181 4605 1281 4657 Seneca
1299 4607 1386 4670 apoth.
1402 4610 1446 4660 11.

123 4696 159 4748 M.
181 4696 594 4759 Grmaarracit.hiu.1,14.
631 4692 669 4744 M.
693 4692 809 4746 Cras...
816 4695 907 4745 :fast
926 4696 991 4745 Arv.
1011 4694 1133 4756 (Hersen
1152 4692 1222 4747 Ball.
1243 4697 1314 4750 1869
1332 4714 1358 4764 p.
1374 4699 1447 4763 122).

126 4786 246 4841 Cretaea:
265 4789 365 4868 Seneca
383 4787 471 4854 apoth.
486 4789 534 4851 113
554 4787 622 4838 Plut.
642 4786 718 4876 Calb.
733 4787 781 4850 233
800 4785 860 4836 fasti
879 4786 946 4836 Idat.
965 4785 1068 4850 aliique.

196 4877 223 4942 1)
250 4881 311 4944 Ip.
323 4861 384 4932 546.
399 4880 461 4930 547.

170 4967 225 5034 1)
251 4972 293 5021 Ita
311 4972 380 5020 enim
397 4955 550 5036 haberemus
569 4983 684 5019 socerum
697 4980 870 5032 generumque
883 4967 975 5016 eodem
987 4967 1064 5032 plane
1077 4973 1192 5031 tempore
1205 4969 1330 5019 consules.
1361 4970 1448 5021 Etiam

125 5062 209 5112 minus
233 5061 401 5126 probabiliter
417 5059 582 5111 Lehmannus
605 5059 633 5108 in
655 5058 744 5108 tabula
766 5057 866 5108 adiecta
884 5058 973 5122 quinta
991 5053 1073 5107 filiam
1090 5059 1202 5109 consulis
1220 5072 1244 5109 a.
1258 5058 1311 5110 753
1330 5060 1450 5124 opinatur

125 5153 242 5217 nupsisse
260 5152 359 5202 consuli
377 5166 400 5202 a.
412 5151 474 5202 740.
510 5149 667 5214 Borghesius
686 5164 745 5214 opp.
761 5150 789 5210 5,
805 5149 857 5198 322
876 5149 937 5196 item
957 5148 1087 5198 existimat
1104 5163 1212 5200 uxorem
1232 5148 1318 5200 Crassi
1338 5151 1449 5201 consulis

127 5255 151 5291 a
165 5243 220 5293 740
237 5243 341 5294 nomine
360 5241 527 5307 Calpurniam
545 5239 633 5302 inisse,
654 5251 779 5306 quaenam
797 5253 858 5289 vero
876 5238 962 5301 fuerit,
982 5253 1035 5289 uon
1054 5239 1151 5289 defluit.

1187 5329 1225 5385 10
