3568 6070
271 608 342 682 122
516 623 693 681 scansus
711 625 760 677 na
778 623 1042 678 unonrmonvu
1057 623 1164 679 rums
1181 626 1336 680 mvurs.

268 799 384 861 Versus
410 797 532 858 uitium
558 797 602 857 sic
626 797 690 857 iere
715 797 838 856 exhibui
861 806 894 856 ut
915 799 953 857 ab
974 797 1043 858 aliis
1065 798 1195 858 restituti
1216 807 1301 872 sunt,
1327 815 1448 858 versum
1474 805 1593 860 sextum

149 911 152 916 '
267 909 354 960 acute
380 899 531 978 supplevit
551 897 763 958 Mommsenus.
807 897 884 958 Oum
911 899 989 958 enim
1015 908 1138 977 propter
1162 918 1319 960 numerum
1339 901 1518 962 tribuniciae
1538 920 1593 978 po·

266 1002 385 1062 testatis
406 1019 486 1062 nunc
506 1008 623 1060 constat
644 1018 747 1059 arcum
768 999 880 1060 lactum
901 1017 969 1060 esse
991 1021 1018 1060 a.
1035 1001 1071 1060 51
1089 1001 1138 1061 vel
1153 999 1207 1075 52,
1233 1020 1262 1060 a.
1283 1011 1383 1062 autem
1405 1002 1445 1063 50
1467 1001 1592 1063 Carata-

267 1120 322 1164 cus
342 1122 398 1162 rex
412 1102 585 1162 Britanniae
606 1108 712 1179 captus
735 1101 774 1162 sit
786 1101 956 1178 fratresque
969 1103 1045 1173 eius,
1067 1109 1100 1160 ut
1113 1101 1236 1161 Tacitus
1251 1121 1320 1162 ann.
1342 1103 1394 1162 lib.
1410 1103 1447 1162 12
1470 1123 1535 1182 cap.
1552 1106 1592 1165 35

268 1213 379 1278 narrat,
401 1205 433 1264 in
454 1203 634 1264 dediuonem
656 1203 771 1281 accepti
792 1203 861 1276 sint
883 1210 916 1262 ut
936 1202 1047 1262 bellum
1063 1202 1213 1263 videretur
1234 1204 1401 1264 conlectum
1423 1221 1502 1277 esse,
1523 1223 1594 1265 con·

268 1312 443 1366 sennneum
464 1311 510 1368 est
530 1305 561 1363 ia
582 1305 670 1365 titulo
692 1321 780 1366 arcus
801 1303 990 1382 triumphalis
1011 1303 1178 1382 praedicari
1200 1312 1246 1364 tot
1266 1323 1352 1385 reges
1367 1291 1542 1366 Britanniae
1561 1307 1594 1366 in

267 1406 447 1466 deditionem
468 1423 537 1465 esse
558 1414 706 1482 acceptos.
742 1405 874 1466 Difficile
895 1413 995 1466 autem
1015 1405 1116 1477 fucrit,
1137 1423 1204 1465 cum
1225 1406 1300 1465 illud
1318 1423 1337 1453 v
1357 1407 1396 1466 ad
1410 1425 1500 1467 unam
1515 1406 1593 1467 litte·

267 1525 331 1567 ram
352 1525 372 1566 x
393 1505 527 1583 quadret,
549 1506 632 1566 aliud
653 1506 825 1584 excogitare
845 1507 927 1584 quod
947 1505 1016 1566 hnic
1036 1508 1105 1567 loco
1126 1508 1292 1567 conveniat.

828 1745 1031 1756 —n———r——n-—n-

916 1941 945 2001 4.

347 2055 397 2120 Na
417 2055 545 2138 paginae
566 2077 676 2138 magna
697 2077 767 2136 pars
782 2063 869 2120 vacet
889 2055 989 2118 addidi
1011 2057 1131 2118 titulum
1152 2057 1284 2118 nondum
1306 2059 1420 2138 publici
1440 2059 1515 2119 iuris
1531 2061 1592 2120 iao-

265 2169 344 2235 tum,
365 2159 432 2236 qui,
454 2159 480 2220 si
501 2179 561 2219 non
581 2159 613 2220 in
633 2159 700 2238 ipso
721 2159 857 2220 aedificio
878 2159 1009 2234 urbano,
1036 2159 1089 2220 sed
1110 2159 1141 2220 in
1163 2169 1338 2236 ornamento
1359 2161 1489 2238 quodam
1511 2161 1593 2222 aedi-

265 2261 326 2320 licii
350 2261 467 2320 videtur
491 2261 602 2322 incisus
623 2261 727 2322 fuisse.
773 2259 928 2321 eistadinii
954 2259 1033 2320 enim
1062 2260 1164 2321 codice
1185 2259 1338 2321 Marciano
1361 2279 1390 2338 p.
1406 2263 1446 2324 85
1468 2263 1517 2322 hic
1538 2282 1593 2322 ex·

265 2359 384 2423 hibetur
404 2361 522 2424 titulus:

637 2459 754 2506 notatur
766 2475 773 2490 ·
786 2459 903 2505 nostru
915 2473 923 2490 ·
935 2458 1059 2508 Hortoat
1071 2473 1078 2490 ·
1090 2459 1221 2505 nvcvs'n

767 2561 922 2606 rorvuvs·
937 2561 1089 2606 nonanus

729 2661 790 2707 rao
815 2676 824 2692 ·
846 2661 1011 2707 sinuaverat
1032 2676 1041 2693 ·
1062 2659 1127 2706 srvs

766 2761 1089 2808 circs-sr·srn0as

580 2867 593 2908 a
657 2835 668 2862 ²
726 2863 833 2922 anra
852 2849 880 2894 '·
920 2863 1128 2910 ruovrnsurtn

636 2963 800 3010 snstvnrn·
820 2965 878 3010 sx·
894 2965 969 3008 aras
985 2979 992 2996 ·
1008 2938 1231 3023 nucsnroqu

636 3066 672 3109 nu
689 3078 700 3098 v
718 3066 874 3111 rosrnrs
893 3079 901 3096 ·
921 3067 967 3110 nn
988 3080 995 3096 ·
1014 3065 1219 3111 nrnoarnrn
1319 3121 1321 3125 ¹

635 3166 829 3212 onorius
865 3183 872 3198 ·
910 3168 1219 3212 senrrrrnnns

635 3267 1218 3314 concoctionem-oscarum

263 3389 323 3450 Ubi
350 3389 482 3448 extiterit
505 3407 566 3448 non
592 3389 770 3462 enuntiatur,
797 3389 850 3450 sed
875 3389 1036 3472 pertinere
1051 3390 1090 3448 ad
1103 3389 1219 3474 'urbem
1240 3409 1308 3450 cum
1334 3391 1402 3450 ideo
1423 3394 1589 3468 probabile,

261 3491 343 3568 quod
363 3499 464 3551 statua
485 3509 504 3549 a
524 3491 637 3569 populo
658 3490 809 3563 Romano,
838 3498 901 3550 tum
921 3490 1003 3568 quod
1023 3490 1055 3550 in
1075 3491 1184 3551 rostris
1205 3492 1362 3551 conlocata
1383 3509 1449 3552 esse
1470 3493 1588 3554 dicitur.

261 3591 387 3651 Videtur
406 3600 505 3652 auteur
527 3591 628 3667 posita
648 3609 716 3652 esse
737 3591 842 3651 eodem
863 3599 1007 3668 tempore,
1029 3609 1090 3668 quo
1112 3611 1132 3650 a
1145 3601 1251 3653 senatu
1264 3593 1435 3670 populoque
1449 3595 1589 3655 Romano

261 3701 384 3752 curante
403 3693 492 3752 Rufio
513 3693 647 3751 Antonio
668 3693 827 3771 Agrypnio
842 3692 1010 3753 Volusiano
1032 3681 1199 3771 posita'est
1218 3693 1250 3754 ia
1270 3695 1336 3752 loro
1349 3693 1481 3754 Traiano
1503 3695 1588 3757 basis

262 3801 380 3854 statuae
404 3792 534 3852 Honorii
559 3799 678 3872 reperta
704 3812 732 3853 a.
749 3793 845 3868 1870,
873 3795 910 3853 cf.
938 3790 1104 3854 Bullettiuo
1128 3792 1208 3855 1870
1235 3815 1264 3874 p·.
1283 3795 1350 3855 171.
1395 3795 1527 3857 Omnino
1557 3806 1589 3858 et

261 3913 337 3971 quas
359 3900 475 3954 statuas
495 3894 527 3954 in
547 3895 654 3955 rostris
675 3902 705 3954 et
725 3912 801 3972 quas
822 3895 853 3954 iu
874 3895 940 3955 foro
955 3896 1089 3956 Traiano
1109 3897 1271 3958 memoriae
1291 3905 1339 3956 est
1359 3897 1499 3958 anditum
1518 3917 1588 3959 con-

261 3995 499 4070 stitutasfuisse,
520 4013 698 4074 componere
712 4014 821 4076 operae
842 3996 959 4062 effletur
978 3997 1107 4075 pretium
1122 4015 1207 4074 ‚essa
1228 3997 1280 4059 sed
1301 4001 1382 4076 quod
1403 3999 1496 4060 sciam
1511 4020 1587 4061 non-

145 4142 146 4146 ,
260 4095 331 4156 dom
352 4097 536 4176 compositae
556 4106 636 4158 sunt.

1234 4247 1237 4252 ’
1314 4236 1352 4296 Ε.
1374 4235 1542 4298 Boannnu.
