3568 6070
318 593 390 665 114
837 601 1119 658 omnnunnuoua

313 782 394 853 eius,
422 779 474 856 qui
500 786 583 838 tanta
609 777 690 856 apud
717 776 880 852 principem
905 775 1001 852 gratia
1021 775 1168 848 docuerit,
1195 783 1228 834 ut
1249 775 1277 836 ei
1297 775 1486 853 praefectura
1506 775 1641 853 Aegypti

313 882 513 942 mandaretur.
556 877 657 940 Unum
682 877 753 938 addi
773 884 888 954 potcst=
918 875 995 936 Cum
1016 875 1141 936 Tacitus
1163 875 1231 934 Ioco
1252 893 1345 953 supra
1365 877 1456 936 allato
1478 875 1640 956 Octavium

227 1045 229 1051 ,
312 984 496 1046 Frontonem
521 981 668 1052 nominet,
696 979 748 1056 qui
770 996 798 1038 a.
815 978 853 1036 16
869 996 896 1038 a.
912 974 983 1038 chr.
1006 978 1175 1053 praetorius
1195 977 1299 1050 fucrit,
1326 995 1455 1054 cumque
1475 977 1641 1038 viderimus

281 1063 284 1070 ¹
313 1084 418 1145 eodem
438 1083 501 1143 iere
522 1091 655 1159 tempore
675 1079 712 1139 P.
733 1078 892 1140 Octavium
912 1077 1123 1154 proconsulem
1143 1075 1253 1138 Cretae
1273 1086 1304 1138 et
1325 1075 1512 1156 Cyrenarum
1532 1077 1641 1149 fuisse,

312 1203 402 1262 quem
421 1183 668 1260 proconsulatum
688 1179 905 1256 praetoriorum
925 1179 1019 1238 fuisse
1039 1178 1229 1239 notissimum
1251 1185 1308 1252 est,
1328 1179 1425 1256 possit
1445 1179 1554 1256 uliquis
1568 1196 1639 1238 con-

312 1286 419 1358 ficere,
443 1290 600 1360 utrumque
621 1283 747 1342 eundem
768 1301 845 1343 esse.
889 1279 980 1354 Quod
1005 1299 1042 1339 ne
1067 1275 1184 1356 putem,
1209 1297 1376 1357 cognomen
1400 1279 1516 1340 suadet.
1557 1277 1640 1340 Nam

312 1385 345 1446 id
370 1402 466 1460 nsque
491 1383 523 1442 in
549 1383 635 1442 titulo
658 1356 826 1460 Cyrenaicb
853 1399 950 1457 neque
975 1380 1007 1439 in
1033 1379 1136 1440 Attico
1162 1379 1295 1450 additur3
1324 1388 1428 1439 contra
1453 1379 1544 1440 hrains
1557 1387 1639 1440 tem·

312 1485 396 1562 poris
421 1502 549 1560 morem,
576 1483 603 1541 si
631 1483 658 1544 is
681 1484 717 1543 P.
744 1483 888 1544 Octavius
914 1481 1036 1541 omnino
1060 1497 1226 1557 cognomen
1245 1480 1407 1540 habuisset.
1453 1480 1502 1541 Ne
1522 1480 1554 1540 id
1572 1481 1639 1556 qui·

312 1587 381 1646 dem
406 1583 621 1662 neglegendum
646 1589 708 1655 est,
735 1585 816 1658 quod
840 1583 965 1642 Tacitus
990 1581 1074 1640 illum
1102 1578 1264 1640 Octavium⁴
1287 1580 1472 1642 Frontonem
1499 1590 1640 1658 questum

313 1686 381 1745 es'sc
408 1691 511 1744 ramat
536 1683 568 1742 iu
593 1690 699 1742 senatu
725 1685 762 1742 de
787 1679 908 1743 luxuria
933 1682 1052 1742 civium.
1097 1678 1186 1754 Quod
1210 1699 1270 1740 non
1292 1681 1409 1742 videtur
1433 1682 1582 1758 quadrare
1607 1683 1641 1741 in

312 1786 474 1858 hominem,
495 1784 580 1844 cuius
602 1791 655 1860 ant
674 1793 769 1860 pater,
791 1789 824 1843 ut
845 1801 901 1860 ego
923 1801 1014 1859 supra
1035 1781 1197 1860 disputavi,
1218 1790 1271 1841 aut
1291 1782 1380 1842 etiam
1397 1782 1471 1858 ipse,
1493 1791 1526 1842 ut
1540 1781 1638 1842 Cavo-

311 1881 422 1944 donius'
436 1884 509 1956 vult,
531 1893 653 1962 propter
673 1885 822 1962 ingentem
844 1884 998 1942 luxuriam
1019 1883 1050 1940 iu
1072 1882 1205 1941 omnium
1226 1901 1279 1942 ore
1300 1889 1373 1941 erat.
1410 1881 1512 1956 Quare
1525 1883 1561 1941 Ρ.
1579 1882 1638 1943 Oc·

311 1986 425 2045 tavium
445 1985 656 2061 proconsulem
678 1985 716 2044 ab
739 1983 866 2045 Octavio
887 1985 1039 2044 Frontone
1060 1983 1212 2058 praetorio
1233 1982 1384 2042 diversum
1405 2001 1472 2044 esse
1491 1992 1578 2061 puto.

395 2087 424 2146 5.
465 2083 516 2144 Ex
540 2085 731 2162 paucissimis
752 2085 813 2144 illis
834 2083 1000 2161 plebiscitis
1022 2083 1130 2142 Atticis
1155 2101 1232 2159 quae
1252 2084 1464 2160 imperatorum
1484 2084 1638 2144 Romano·

201 2185 207 2194 “
310 2205 377 2244 rum
407 2193 504 2244 aetate
529 2185 697 2264 composita
721 2186 818 2245 adhuc
843 2191 978 2256 exstant,
1006 2202 1098 2242 uuum
1123 2183 1285 2242 admodum
1309 2183 1448 2246 mutilum
1474 2204 1542 2244 oum
1568 2187 1638 2246 aliis

310 2287 348 2344 de
377 2285 477 2345 causis
507 2294 568 2344 tum
598 2294 721 2364 propter
748 2285 951 2345 difficultatem
978 2284 1121 2361 temporis
1148 2292 1230 2344 recte
1258 2284 1416 2346 deliniendi
1444 2289 1639 2348 memorabile

310 2396 370 2459 est3
392 2385 473 2463 quod
494 2387 589 2446 edidit
605 2386 784 2446 PittaIrIsius
806 2385 971 2446 l’ancieune
995 2385 1132 2444 Athenas
1153 2403 1182 2461 p.
1198 2385 1270 2456 493,
1292 2386 1518 2448 accuratissime.
1535 2395 1636 2450 autem

310 2487 450 2546 uacauit
477 2484 511 2546 O.
533 2486 606 2546 Keil
631 2487 664 2546 in
686 2487 792 2548 Museo
812 2488 961 2547 Rhenano
985 2485 1045 2544 vol.
1059 2485 1168 2544 XVIII
1188 2505 1219 2562 p.
1235 2486 1274 2546 57
1283 2504 1347 2563 sqq.
1390 2487 1493 2564 Atque
1516 2487 1545 2548 ia
1570 2491 1637 2566 qui-

309 2586 378 2645 dem
404 2605 460 2662 pro
486 2593 567 2645 certo
593 2589 692 2664 ponit,
720 2587 758 2646 ad
779 2588 907 2666 ricperti
930 2587 1130 2664 principatum
1155 2587 1319 2662 pertinere,
1348 2605 1472 2664 eamque
1497 2609 1576 2661 rem,
1603 2600 1636 2648 nt

198 2721 202 2728 ·
310 2687 397 2758 solet,
412 2687 697 2764 summadiligeutia
710 2695 800 2764 atque
814 2688 950 2748 doctrina
962 2689 1090 2764 probare
1104 2693 1237 2745 conatur.
1271 2685 1487 2764 contraquam
1500 2689 1539 2750 R.
1554 2689 1634 2750 Neu-

310 2787 402 2844 bauer
426 2787 459 2845 in
484 2788 712 2863 quaestionibus
738 2779 937 2866 epi'graphiois
958 2807 988 2866 p.
1006 2789 1064 2846 147
1086 2788 1129 2847 ita
1153 2787 1329 2864 disputavit,
1357 2788 1494 2850 utillum
1514 2791 1634 2852 titulum

308 2886 434 2944 Neronia
455 2889 584 2964 tempori
603 2889 760 2961 adscribat,
782 2899 812 2948 et
825 2889 945 2966 quidem
965 2889 1051 2948 anuis
1067 2887 1190 2947 62-64
1205 2896 1257 2946 aut
1271 2888 1403 2948 66-68.
1439 2887 1537 2962 Quam
1551 2891 1635 2955 litem

310 2984 449 3043 dirimere
476 2988 596 3046 conanti
621 2989 750 3064 primum
777 2989 873 3067 ipsius
903 2989 982 3048 tituli
1007 2991 1113 3062 verba,
1134 2997 1168 3048 ut
1191 2988 1325 3060 Keilius‚
1354 2989 1489 3050 adhibito
1515 3000 1635 3068 praeter

308 3074 543 3144 Pittakisianum
566 3089 722 3166 exemplar
741 3091 832 3149 etiam
853 3090 1047 3168 Mustoxydis
1068 3089 1258 3167 apographo,
1279 3109 1316 3148 ea
1334 3089 1501 3164 coustituit,
1522 3092 1635 3152 adscri-

309 3185 408 3244 benda
428 3196 513 3261 puto:
1301 3245 1303 3248 .

587 3293 1323 3349 ΑΓΑΘΗΙΤΥΧΗΙΤΟΥΣΕΒΑΣΤΟΥΚΑΙΣΑΡΟΣΚ
1336 3333 1343 3348 .
1358 3333 1366 3350 .

587 3393 1319 3450 ΛΛΚΩΝΟΣΑΡΧΟΝΤΟξΚΑΙΙΕΡΕΩΣΔΡΟΥξΕ
1335 3433 1342 3449 .
1357 3436 1364 3450 .

588 3493 1248 3550 ΕΚΚΑΗΣΙΑΕΠΙΤΗΣΕΝΑΤΗΣΙῚΡΥΤΑΝΕΙ
1261 3533 1270 3551 .
1283 3535 1290 3550 .
1305 3535 1312 3550 .

588 3593 1265 3650 ΕΔΡΩΝΕΠΕΨΗΦΙΣΕΝΕΥΘΥΔΟΜΟΣΑΡΧ

531 3708 543 3746 o
585 3693 1242 3749 ΑΡΕΙΟΥΠΑΓΟΥΒΟΥΛΗΣΚΑΠΗΣΒΟΥ

629 3794 1250 3850 ΝΙΚΑΝΟΡΑΝΕΟΝΟΜΗΡΟΝΚΑΙΝΕΟΝ

627 3880 1164 3950 κιιιιιιιιιοοετιιιιεειιιετιιιιι

627 3993 1188 4050 ΚΕΧΕΙΡΟΤΟΝΗΜΕΝΟΝΕΝΤΟΝΕ

626 4093 933 4149 ΣΙΝΗΝΕΣνΕΝΤΙΟ

513 4207 539 4246 ro
627 4192 809 4247 ΝΙΚΑΝΩΡΑ

304 4321 431 4382 Maximi
459 4327 601 4384 momenti
627 4343 664 4384 ea
689 4335 773 4399 sunt,
801 4345 877 4404 quae
903 4327 1000 4404 primo
1021 4347 1111 4388 versu
1137 4331 1248 4408 scripta
1271 4331 1398 4409 legimus
1419 4326 1529 4413 ἇγαθῇ
1549 4327 1628 4416 τύχῃ

304 4424 356 4479 τοῦ
380 4415 541 4490 Σεβαστοῦ
566 4417 710 4508 Kaio-opos
730 4429 855 4494 K....,
883 4446 960 4504 quae
986 4427 1186 4490 Neubauerus
1215 4432 1350 4509 suppleri
1376 4435 1441 4494 vult
1464 4430 1627 4514 K[7Iosodi'ov

303 4511 433 4605 Νέρωνος.
476 4527 519 4583 At
540 4544 607 4584 oum
629 4523 707 4584 Nero
728 4526 818 4585 huius
840 4527 1029 4603 imperatoris
1046 4549 1219 4606 praenomen
1241 4534 1296 4604 sit,
1315 4539 1385 4608 post
1404 4552 1513 4594 nomen
1534 4538 1628 4614 genti·

305 4621 406 4712 licium
427 4625 499 4698 poni
521 4645 581 4684 non
603 4633 710 4702 potest.
747 4623 809 4686 Sed
829 4647 867 4686 ne
889 4629 984 4686 omitti
1006 4630 1136 4705 quidem,
1158 4639 1191 4690 ut
1210 4633 1242 4690 in
1262 4641 1347 4710 patre
1362 4632 1493 4693 Neronis
1509 4633 1627 4696 Claudii

198 4739 201 4746 ⁴
303 4738 485 4794 praenomen
511 4725 639 4784 Tiberias
666 4727 821 4800 omittitur,
848 4729 958 4803 potuit,
987 4748 1025 4788 ne
1045 4729 1129 4790 Nero
1155 4749 1222 4790 cum
1243 4739 1328 4810 patre
1349 4734 1579 4794 contumderetur
1589 4737 1626 4813 ¹).

305 4816 406 4892 Quare
432 4821 470 4880 ad
496 4822 646 4884 Neronem
671 4834 750 4886 certe
776 4827 881 4886 referri
906 4847 967 4888 nou
991 4839 1098 4907 potest.
1144 4833 1240 4910 Atqui
1264 4831 1463 4894 Neubauerus
1491 4835 1627 4898 effecisse

379 5108 403 5172 ¹)
430 5111 453 5161 II
473 5116 600 5167 contrario
619 5111 731 5201 Neropis
754 5134 848 5170 nomen
869 5119 964 5185 gentile
983 5137 1167 5190 nonnunquam
1186 5125 1324 5190 omittitur,
1348 5132 1377 5177 ιιι
1393 5118 1454 5195 ’Ep
1475 5118 1537 5196 ἆρχ.
1551 5127 1624 5180 3544

301 5193 395 5266 Ilipam
413 5199 545 5268 Σεβαστῷ,
565 5207 592 5257 id
611 5209 680 5273 qnod
698 5209 725 5260 iu
744 5209 853 5262 Claudio
871 5227 1010 5277 numquam
1028 5213 1065 5264 tit.
