3642 6062
883 631 1156 708 annrraniaurn

460 832 618 908 Reliquias
646 831 702 888 has
732 829 811 906 lapis
843 829 956 887 fractus
983 828 1027 885 ita
1058 825 1214 902 proponit,
1248 831 1280 882 ut
1312 842 1389 900 quae
1421 832 1588 900 sequuntur
1615 828 1685 898 post

460 947 613 993 VOLCANO
638 931 705 1006 pari
729 931 793 990 iure
819 929 856 987 ad
879 929 958 988 diem
980 936 1151 1004 sequentem
1173 929 1254 1004 Aug.
1270 923 1309 984 24
1331 925 1441 984 referre
1463 925 1577 1001 possis3
1606 931 1687 982 recte

460 1043 561 1094 tamen
586 1031 749 1090 chzenus
775 1031 854 1088 diem
874 1029 1085 1088 Volcanalium
1110 1027 1268 1103 praetulit,
1296 1045 1362 1084 cum
1390 1027 1512 1084 numina
1537 1044 1613 1101 quae
1641 1041 1689 1082 se·

461 1141 594 1210 quuntur
618 1133 761 1209 pleraque
787 1140 867 1190 certe
892 1131 1051 1190 coniuncta
1077 1129 1136 1187 sint
1161 1147 1229 1186 cum
1253 1128 1398 1186 incendiis
1420 1127 1566 1186 arcendis.
1610 1124 1686 1184 Ver·

462 1251 514 1292 sus
527 1233 565 1290 in
587 1231 779 1310 quo'legitur
800 1248 876 1303 Qun
891 1261 897 1275 ·
914 1247 946 1288 rn
963 1256 970 1274 ·
985 1244 1081 1289 conns
1095 1244 1198 1288 ·vo1.u
1219 1229 1375 1286 restitutus
1397 1237 1444 1287 est
1464 1230 1496 1286 in
1522 1229 1622 1286 litura.
1643 1259 1685 1268 -

453 1330 556 1395 Sacra
587 1335 660 1392 haec
692 1333 772 1410 apud
804 1341 946 1390 auctores·
969 1350 1029 1388 non
1058 1339 1327 1388 commemorantur
1353 1348 1449 1405 neque
1481 1328 1687 1405 hemerologia

460 1435 557 1494 adhuc
582 1441 654 1492 nota
680 1453 782 1492 eorum
809 1433 989 1492 mentionem
1014 1431 1148 1490 fecerunt
1168 1441 1377 1508 praeterquam
1398 1431 1479 1506 qnod
1501 1431 1531 1487 in
1548 1428 1687 1488 Vallensi

460 1537 499 1594 ad
530 1536 608 1594 hunc
640 1533 717 1592 diem
751 1533 934 1608 adscriptum
966 1541 1011 1590 est
1039 1529 1166 1590 Volcano
1200 1535 1229 1588 in
1262 1535 1335 1589 circo
1365 1532 1522 1592 Flaminia.
1569 1531 1684 1588 Aedem

459 1636 589 1696 Volcani
617 1645 703 1694 extra
728 1637 831 1693 urbem
860 1633 955 1691 fuisse
977 1633 1156 1690 Plutarchus
1183 1633 1226 1689 ait
1250 1632 1293 1707 (q.
1316 1633 1404 1690 Rom.
1427 1633 1497 1709 47),
1523 1633 1554 1689 in
1580 1625 1686 1707 campo

459 1738 587 1796 collocat
615 1737 722 1794 Livius
751 1734 804 1807 24,
828 1735 880 1806 10,
901 1734 936 1806 93
966 1753 1020 1791 nec
1046 1733 1195 1792 diversam
1223 1751 1288 1792 esse
1315 1734 1374 1791 ium
1402 1743 1475 1810 puto
1502 1753 1567 1791 eam
1595 1752 1685 1810 quarn

459 1838 532 1896 lasti
551 1837 708 1895 Vallenses
735 1837 765 1894 in
793 1836 873 1893 circo
896 1834 1044 1892 Flaminio
1071 1843 1195 1910 ponunt.
1238 1833 1318 1892 Nam
1348 1836 1445 1894 circus
1467 1834 1634 1893 Flaminius
1656 1843 1687 1894 et

458 1957 582 2015 campus
605 1937 733 1995 Martius
755 1955 937 2012 quamquam
958 1954 1146 2012 nequaqnam
1173 1935 1340 2012 promiscue
1363 1946 1559 2012 usurpantur,
1585 1947 1686 1996 tamen

458 2041 547 2099 aedes
575 2040 607 2097 in
634 2037 762 2095 confinio
788 2037 889 2114 posita
914 2037 951 2094 ad
974 2046 1132 2112 utrumque
1154 2035 1259 2094 referri
1280 2037 1387 2112 potuit.
1430 2037 1506 2095 Eam
1527 2037 1633 2095 aedem
1654 2039 1685 2095 in

458 2141 537 2200 circo
565 2139 717 2197 Flaminio
743 2138 855 2196 iactam
885 2137 948 2196 sine
976 2137 1065 2195 dubio
1093 2137 1182 2194 etiam
1211 2137 1283 2196 fasti
1308 2137 1465 2198 Arvalium
1494 2138 1590 2214 primo
1618 2139 1685 2196 loco

457 2241 692 2300 nominaverunt.
738 2239 852 2296 Eodem
885 2238 932 2296 dic
965 2238 1060 2295 eidem
1089 2238 1145 2295 deo
1168 2256 1286 2295 sacrum
1315 2239 1424 2295 factum
1453 2257 1521 2297 esse
1542 2241 1633 2298 etiam
1654 2241 1685 2298 in

457 2343 587 2413 comitio,
609 2341 639 2398 id
662 2340 760 2398 estin
774 2339 933 2396 volcanali
956 2339 1019 2397 sive
1041 2356 1112 2395 area
1128 2337 1256 2396 Volcani
1279 2339 1330 2413 (cf.
1347 2339 1464 2398 Becker
1484 2348 1544 2418 top.
1567 2360 1595 2417 p.
1610 2339 1684 2416 287)

455 2443 545 2501 iidem
567 2441 780 2518 patefecerunt.
794 2473 833 2486 -
856 2439 1013 2516 Nymphas
1036 2438 1096 2513 (sic
1117 2439 1195 2496 enim
1218 2449 1296 2496 recte
1319 2442 1439 2500 omnino
1455 2441 1616 2500 Henzenus
1632 2463 1684 2500 vo-

457 2544 596 2602 cabulum
611 2543 736 2600 fractum
752 2541 917 2618 supplevit)
937 2540 1038 2598 aedem
1054 2541 1084 2596 in
1100 2557 1205 2616 campo
1220 2541 1370 2612 habuisse,
1384 2542 1512 2600 Volcani
1526 2554 1597 2618 puto
1613 2563 1684 2604 con·

457 2645 584 2720 ¹tiguam,
606 2661 686 2700 nunc
707 2643 837 2717 primurn
861 2641 1055 2700 addiscimus.
1099 2641 1235 2698 Putarim
1257 2644 1414 2701 tamenab
1436 2662 1472 2702 ea
1493 2644 1566 2702 aede
1587 2644 1683 2722 Nym·

457 2745 584 2820 pharum
612 2761 672 2802 non
699 2742 817 2801 differre
841 2741 951 2799 dudum
973 2751 1073 2799 notam
1096 2741 1253 2812 Iuturnae,
1282 2760 1372 2816 quarn
1394 2753 1517 2820 propter
1538 2764 1682 2822 aquarum

457 2844 588 2920 inopiam
617 2843 643 2900 ei
670 2844 779 2901 factam
807 2859 874 2901 esse
902 2861 920 2900 a
946 2842 1069 2900 Lutatio
1098 2840 1206 2900 Catulo
1233 2843 1275 2901 ibi
1302 2840 1364 2901 ‘uhi
1384 2843 1530 2921 Virginea
1552 2846 1683 2926 Campus

458 2946 558 3003 obitur
579 2939 669 3020 aqua’
691 2952 830 3002 auctores
853 2952 922 3001 sunt
941 2942 1039 3002 Varro
1063 2942 1156 3018 (apud
1179 2942 1317 3003 Servium
1340 2945 1377 3003 ad
1398 2947 1473 3004 Aen.
1496 2945 1633 3026 12,139)
1655 2960 1684 3008 et

428 3092 430 3098 .
459 3044 587 3105 Ovidius
615 3044 702 3122 (fast.
728 3045 857 3116 1,463;
886 3044 924 3103 cf.
950 3044 1067 3102 Becker
1092 3052 1154 3120 top.
1183 3063 1213 3120 p.
1236 3044 1324 3121 630).
1367 3045 1448 3106 Nam
1476 3047 1602 3106 Iuturna
1627 3051 1683 3108 dea

413 3209 431 3230 Ι,
457 3140 611 3222 ‘Lympha'
628 3145 671 3219 (id
688 3153 735 3203 est
750 3145 906 3221 Nympha)
919 3139 1059 3202 ‘Iuturna'
1081 3145 1161 3204 dicta
1176 3143 1306 3204 Varroni
1327 3145 1361 3220 (l.
1377 3146 1414 3204 L.
1431 3149 1460 3219 5,
1476 3149 1512 3207 71
1529 3150 1565 3208 cl.
1583 3151 1611 3222 7,
1629 3153 1682 3228 87)

457 3247 561 3306 codem
583 3255 705 3304 auctore
728 3246 820 3322 (apud
844 3244 981 3304 Servium
1004 3245 1040 3302 ad
1063 3245 1299 3322 Aen.1t,141)
1322 3247 1398 3306 inter
1419 3246 1577 3326 Nymphas
1598 3256 1684 3328 poni-

456 3357 505 3405 tur
533 3361 659 3422 eamque
687 3347 804 3404 assecla
825 3347 971 3406 Varronis
999 3344 1126 3404 Ovidius
1153 3347 1239 3422 (last.
1263 3345 1291 3419 2,
1313 3349 1373 3406 590
1386 3349 1446 3426 sq.)
1473 3349 1683 3428 Nympharum
1795 3355 1796 3360 ’

453 3447 629 3507 Latinarum
653 3466 788 3506 sororem
803 3447 960 3522 Naidaque
982 3447 1080 3523 ipsam
1103 3447 1244 3523 appellat.
1280 3447 1380 3522 Quare
1395 3451 1425 3506 in
1444 3451 1531 3518 fastis
1547 3463 1599 3511 aut
1614 3465 1683 3513 ante

456 3547 664 3626 Nympharum
687 3569 796 3607 nomen
817 3549 960 3606 Iuturnae
986 3547 1179 3606 inserendum
1206 3556 1251 3606 est
1277 3558 1307 3607 et
1328 3551 1371 3608 sic
1396 3551 1458 3609 fere
1484 3554 1683 3629 supplendum
1793 3547 1794 3552 ¹

456 3649 608 3724 [Iuturnae
629 3659 656 3707 et
675 3649 829 3726 Nymplhia
851 3654 879 3706 tn
903 3649 1046 3724 catnp(o);
1073 3659 1141 3721 aut,
1170 3649 1196 3706 si
1223 3650 1430 3725 supplemento
1457 3653 1484 3710 ei
1511 3657 1611 3731 spatia
1631 3657 1682 3715 ob·

457 3757 538 3808 stant
562 3751 593 3807 in
621 3751 704 3808 hisce
724 3749 812 3807 fastis
834 3749 993 3807 difficulter
1014 3749 1207 3822 dimetienda,
1235 3746 1443 3827 Nympharum
1465 3756 1584 3814 nomine
1606 3759 1682 3817 dice—

456 3868 522 3907 mus
544 3849 701 3908 Iuturnam
723 3850 943 3927 oomprehendi.
981 3849 1065 3907 Haeo
1088 3850 1114 3907 si
1136 3869 1206 3908 vera
1228 3861 1306 3924 sunt,
1328 3852 1512 3929 intellegitur
1526 3855 1680 3916 Iuturnam

456 3947 542 4006 deam
566 3951 676 4008 cultam
699 3969 768 4008 esse
790 3971 808 4008 a
821 3951 966 4009 Romanis
989 3946 1159 4026 propterea,¹
1179 3961 1210 4009 ut
1231 3971 1285 4030 per
1307 3971 1372 4010 eam
1392 3964 1578 4016 averteretur
1591 3977 1681 4034 aqua-

455 4069 520 4106 rum
542 4050 644 4130 inopia
664 4051 694 4108 in
716 4051 863 4109 incendiis
886 4051 1022 4121 arcendis
1038 4069 1226 4127 summopere
1245 4053 1386 4126 timenda,
1407 4073 1533 4132 eamque
1547 4057 1589 4116 ita
1602 4071 1682 4119 recte

454 4148 593 4218 Vulcano
615 4148 746 4230 adiu'ngi.
780 4153 855 4210 Eam
879 4152 1078 4210 coniecturam
1101 4153 1285 4227 aliquantum
1306 4156 1413 4227 firmat,
1436 4157 1518 4231 quod
1539 4159 1680 4218 Iuturnae

454 4250 541 4336 lacus
569 4251 599 4308 in
626 4253 693 4310 foro
720 4271 780 4310 non
804 4253 847 4310 ita
867 4253 955 4329 longe
983 4261 1114 4311 remotus
1142 4273 1160 4310 a
1179 4253 1341 4314 Vulcanali
1369 4257 1530 4333 respondet
1555 4261 1680 4320 aedibus

454 4351 570 4409 duabus
591 4353 699 4410 vicinis
726 4351 831 4411 iisdem
860 4355 1032 4414 numinibus
1060 4361 1146 4412 extra
1172 4355 1275 4412 urbem
1303 4355 1456 4415 dedicatis.
1478 4391 1520 4402 -—-
1548 4359 1586 4417 Ei
1608 4363 1681 4420 deae

454 4452 526 4510 olim
555 4453 722 4512 Diuturnae
755 4473 862 4512 nomen
895 4455 990 4512 fuisse
1017 4472 1113 4528 nuper
1141 4455 1258 4530 aperuit
1285 4455 1388 4515 titulus
1418 4460 1513 4538 musei
1539 4459 1679 4521 Vaticani

453 4554 581 4628 originis
607 4555 738 4613 incertae
763 4557 860 4613 editus
886 4556 917 4614 in
942 4553 1129 4633 ephemeride
1154 4555 1283 4614 instituti
1308 4559 1526 4636 archaeologici
1552 4563 1694 4652 111871Ι

453 4671 483 4730 p.
498 4654 554 4712 137
571 4654 608 4710 ab
625 4655 754 4730 Iosepho
769 4656 954 4716 Tamasellio
976 4657 1020 4714 sic
1041 4657 1203 4731 inscriptus
1225 4658 1386 4733 utrimque:
1413 4661 1569 4738 Tubertus)
1585 4664 1677 4740 Ti(be-

455 4753 532 4826 rios)
548 4755 620 4811 Iulii
634 4755 792 4831 Staphylus
807 4756 861 4832 [a]t
875 4757 1039 4833 Nymphaea
1051 4756 1163 4832 mater)
1179 4767 1205 4816 al
1219 4757 1336 4834 s(iliaa)
1352 4759 1416 4837 d(a)
1432 4760 1514 4838 a(ua)
1525 4763 1678 4842 p(acuna'a)

452 4852 654 4929 Dianar(naa).
698 4855 865 4914 Potuerunt
885 4858 963 4916 idem
985 4858 1096 4915 dudum
1118 4858 1224 4916 docere
1245 4877 1301 4917 nos
1322 4861 1481 4938 philologi,
1508 4882 1576 4922 cum
1599 4866 1678 4941 apud

454 4949 628 5011 Ciceronem
650 4955 682 5012 in
703 4953 883 5015 Cluentiana
904 4959 954 5030 36,
973 4958 1028 5016 101
1057 4957 1193 5016 inlibris
1216 4959 1354 5018 omnibus
1383 4963 1422 5020 sit
1442 4964 1484 5020 ad
1503 4965 1676 5024 Diuturnae.

451 5051 528 5110 Item
550 5053 581 5111 in
604 5053 689 5112 Flori
710 5056 786 5114 libro
809 5058 948 5116 Palatino
974 5061 1000 5132 l,
1021 5058 1060 5118 28
1083 5058 1125 5133 [2,
1149 5057 1199 5134 12]
1218 5060 1278 5136 legi
1299 5063 1380 5136 apud
1398 5062 1564 5122 Diuturnae
1587 5067 1678 5126 lauant

452 5161 545 5212 testor
566 5155 603 5212 de
618 5155 694 5228 visu,
717 5176 783 5215 cunr
805 5159 836 5216 in
858 5161 942 5217 varia
963 5160 1092 5218 lectione
1106 5159 1205 5219 Iahnii
1227 5161 1285 5218 mei
1307 5181 1371 5220 eam
1394 5163 1571 5240 scripturam
1592 5175 1677 5244 typo·

452 5254 560 5330 graphi
587 5256 784 5316 obscurarint.
827 5259 870 5316 At
896 5260 945 5318 hic
966 5279 1086 5338 quoque
1107 5261 1192 5320 utin
1214 5260 1282 5319 aliis
1305 5263 1344 5321 ad
1364 5264 1575 5344 extirpandum
1597 5285 1676 5326 erro·

1788 4049 1789 4133 l

1786 4137 1788 4235 l

1785 4247 1787 4338 l

1784 4355 1786 4439 l

1783 4457 1785 4542 l
