3654 6072
151 613 282 664 101-106
576 610 658 662 von.
674 610 689 662 1
705 611 1059 672 numovrssmnnvu.
1187 591 1189 596 '
1432 594 1479 664 27

151 779 213 841 101
234 783 265 840 in
287 781 356 860 ipsa
375 782 475 860 pinea.
516 783 682 844 Praeneste
702 782 734 840 in
755 783 845 840 vinea
864 781 955 842 Dom.
978 781 1118 842 Oecconi.
1162 782 1271 842 Adhuc
1293 783 1412 842 ibidem.

674 897 961 995 c·sau1aa1·c·s

151 1089 202 1146 Ad
222 1098 363 1166 ectypum
385 1096 540 1165 acceptum
562 1107 581 1146 a
596 1088 635 1148 D.
651 1089 818 1160 Bonannio,
840 1088 920 1164 quod
937 1107 991 1148 nos
1006 1108 1067 1148 non
1082 1089 1222 1160 vidimus,
1244 1089 1405 1150 Henzenus
1419 1089 1482 1149 edi·

152 1190 196 1248 dit
216 1189 299 1248 Ball.
320 1188 399 1248 1866
421 1209 450 1266 p.
470 1189 539 1248 135.
575 1189 823 1267 Trendelenburg
844 1190 917 1266 legit
939 1205 1089 1262 sacratam,
1112 1190 1148 1248 de
1170 1207 1188 1248 n
1209 1190 1310 1248 littera
1330 1190 1480 1250 dubitans.

150 1395 237 1456 loa*
250 1397 360 1458 litteris
375 1397 464 1457 solito
478 1397 641 1456 maioribus
654 1397 685 1455 in
700 1397 766 1458 basi
780 1396 896 1474 pineae.
921 1397 1085 1456 Praeneste
1099 1398 1129 1456 in
1141 1397 1230 1456 vinea
1239 1397 1330 1458 Dom.
1343 1395 1481 1458 Oecconi.

652 1565 672 1608 c
688 1578 695 1594 ·
711 1565 872 1610 sauricum
888 1579 895 1594 ·
910 1565 929 1607 κ
943 1579 951 1594 ·
967 1567 984 1608 s

152 1702 304 1780 Ectypum
332 1704 415 1763 misit
440 1702 602 1762 Henzenus
626 1711 786 1780 ,acceptum
815 1723 834 1762 a
859 1703 900 1762 D.
929 1703 1086 1763 Bonannio
1114 1704 1266 1782 ediditque
1293 1705 1376 1764 Ball.
1402 1705 1481 1764 1866

152 1823 182 1880 p.
201 1805 270 1863 134.

192 1903 328 1978 [Titulus
355 1905 403 1964 hic
430 1907 540 1983 quique
566 1914 734 1982 sequuntur
758 1907 818 1965 soli
842 1905 905 1965 fere
932 1905 1073 1982 probant,
1101 1907 1284 1982 quicumque
1310 1905 1482 1966 Praenesti·

151 2023 258 2064 norum
285 2025 346 2064 non
367 2008 502 2082 concepti
529 2007 589 2065 sint
614 2025 686 2066 casu
711 2007 822 2082 primo,
849 2007 888 2066 ad
914 2007 1076 2066 secundum
1104 2008 1290 2066 revocandos
1312 2025 1394 2078 esse,
1421 2024 1482 2066 non

152 2106 191 2164 ad
212 2108 347 2178 tertium3
369 2127 437 2166 nam
461 2109 629 2180 mulierum,
650 2115 684 2166 ut
704 2109 730 2178 I,
747 2109 804 2166 147
829 2107 928 2166 Satist
948 2106 987 2166 L.
1010 2105 1076 2182 Opi,
1098 2116 1159 2166 tam
1181 2108 1221 2167 ad
1242 2109 1413 2184 genetivum
1435 2127 1482 2166 ac-

151 2209 337 2266 commodari
357 2217 483 2283 possunt
504 2227 594 2285 quam
617 2209 654 2266 ad
675 2210 805 2281 tertium,
829 2209 962 2267 virorum
983 2218 1082 2267 autern
1103 2209 1239 2286 plerique
1260 2209 1291 2266 in
1313 2212 1324 2266 i
1344 2209 1482 2266 finientes

152 2317 213 2366 tam
239 2309 278 2366 ad
299 2309 515 2370 nominativum
541 2327 631 2385 quam
653 2310 691 2368 ad
713 2309 892 2388 genetivum.
935 2311 978 2368 At
999 2327 1080 2380 oum,
1109 2317 1188 2368 certe
1215 2310 1378 2368 secundum
1399 2308 1482 2386 leges

152 2411 396 2469 nomenclaturae
417 2409 587 2482 Romanae,
614 2411 786 2470 Satricanus
807 2411 991 2486 requiratur,
1019 2411 1067 2468 hio
1088 2409 1243 2486 genetivus
1264 2409 1482 2486 intellegendus

151 2518 206 2568 est.
251 2509 441 2586 Quamquam
466 2513 554 2570 titulo
576 2513 670 2570 fracto
692 2511 758 2589 eph.
778 2509 852 2584 119,
878 2511 991 2586 inquo
1013 2518 1061 2569 est
1083 2501 1222 2604 (percnum,
1242 2520 1341 2587 potest
1362 2510 1482 2569 defendi

152 2612 296 2688 gentilicii
317 2612 445 2670 formam
466 2613 694 2672 Praenestinam
715 2611 811 2672 fuisse
833 2609 1041 2672 Satricanium.
1085 2611 1144 2670 Tu.
1165 2611 1220 2688 Μ.]

152 2818 220 2879 103
243 2819 417 2880 Praeneste.

641 2919 690 2960 rc·
708 2917 873 2960 sarmcaur
889 2931 896 2946 ·
913 2918 932 2959 x
947 2917 986 2959 ·s

152 3057 303 3133 Ectypum
330 3059 414 3116 misit
433 3057 607 3116 Hennenus.
629 3089 667 3100 -·
694 3054 792 3129 Quam
818 3057 850 3114 in
876 3056 942 3114 basi
963 3053 1112 3131 quadrata
1132 3056 1239 3131 pineae
1261 3055 1341 3130 apud
1363 3055 1482 3114 Bonan-

152 3159 234 3216 nium
257 3158 552 3234 Trendelenburgius
578 3157 654 3217 vidit
676 3173 841 3218 ...Amul
858 3186 864 3200 ·
881 3173 967 3230 Μ,
994 3163 1045 3215 aut
1070 3157 1145 3215 haec
1173 3165 1219 3214 est
1246 3156 1342 3216 fracta
1369 3166 1422 3214 aut
1448 3175 1484 3215 ea

154 3277 230 3336 quae
252 3259 413 3336 praecedit.

153 3466 243 3528 1⁰4*
266 3468 297 3525 in
318 3467 416 3544 pinea.
460 3467 624 3526 Praeneste
646 3467 677 3524 in
698 3467 788 3526 vinea
808 3466 899 3524 Dom.
923 3464 1062 3524 Cocconi.

714 3571 901 3712 anTRleNl

789 3737 826 3778 1.·
842 3736 858 3778 P

155 3877 302 3938 Dedimus
324 3877 363 3937 ad
383 3885 532 3954 ectypum.
576 3876 737 3935 Hennenus
760 3875 842 3934 Ball.
867 3873 946 3934 1866
968 3892 998 3950 p.
1016 3873 1076 3932 134
1097 3891 1118 3932 a
1137 3872 1176 3932 D.
1198 3873 1356 3934 Bonannio
1378 3891 1484 3950 accep·

156 3989 216 4038 tam
238 3980 333 4039 edidit
354 3981 410 4038 sic:
434 3993 640 4038 u·sara1cau1
653 4017 743 4035 .....

155 4187 220 4248 los
248 4189 282 4246 in
310 4187 375 4246 basi
403 4187 533 4246 rotunda
558 4168 675 4261 pineae.
718 4183 881 4243 Praeneste
902 4182 1046 4242 infundo
1068 4183 1149 4242 dicto
1171 4182 1401 4268 lcholamtella
1421 4203 1483 4260 rep.
1592 4256 1596 4261 ι

197 4311 236 4350 m.
261 4287 344 4366 Sept.
366 4309 393 4346 a..
411 4288 500 4348 1868.
543 4287 643 4345 Hodie
663 4289 694 4343 ci
710 4288 804 4361 proti.

665 4457 712 4497 111·
729 4454 869 4498 SAVFElVS
885 4467 892 4482 ·
907 4454 926 4497 C
940 4469 946 4483 ·
963 4453 979 4496 F

155 4599 320 4658 Henzenus
342 4597 381 4655 ad
403 4603 543 4673 aetypum
563 4595 689 4654 missum
710 4613 728 4652 a
750 4593 789 4651 D.
812 4592 970 4652 Bonannio
991 4591 1074 4650 Ball.
1087 4589 1177 4668 ‚1869
1200 4610 1229 4668 p.
1248 4591 1316 4650 165.

199 4699 248 4762 cf.
270 4699 297 4772 Ι,
313 4699 382 4757 145.
401 4697 469 4756 116.

157 4907 224 4966 106
246 4907 357 4965 litteris
380 4905 471 4964 solito
493 4905 656 4964 maioribus
676 4904 708 4962 in
728 4903 795 4961 basi
815 4901 962 4978 quadrata
981 4901 1097 4978 pineae.
1141 4901 1304 4962 Praeneste
1327 4901 1405 4978 apud
1426 4901 1485 4959 Bo·

198 5010 352 5069 nannium.

779 5098 869 5146 savss

160 5227 331 5306 Descripsit
351 5225 606 5304 Trendelenburg.
