3568 6070
549 1683 1001 1800 miserturum.

672 1985 874 1998 Ἣ

763 2179 789 2236 1.

192 2293 305 2374 Magna
332 2293 414 2353 basis
442 2293 570 2354 rotunda
596 2315 765 2354 marmorea
790 2313 903 2372 pausos
932 2295 1041 2354 abhino
1067 2313 1162 2355 annos
1187 2297 1299 2359 effossa
1319 2300 1349 2358 in
1370 2321 1441 2363 area

77 2377 84 2394 ⁸
117 2415 186 2472 quae
213 2415 295 2456 nunc
318 2395 430 2455 dieitur
455 2393 597 2458 Palatina
622 2397 700 2456 inter
725 2397 845 2455 domum
868 2394 1060 2456 Tiberianam
1088 2395 1322 2478 Flauiorumque
1349 2403 1439 2464 aedes

115 2497 178 2556 site:
205 2517 336 2575 superne
362 2507 509 2557 excavata
533 2507 580 2557 est
605 2497 636 2555 in
662 2497 787 2556 formam
816 2498 946 2557 conchae
973 2498 1108 2570 striatas,
1138 2509 1171 2558 ut
1196 2499 1241 2560 sie
1263 2503 1439 2564 coniunctus

113 2598 200 2659 fuisse
220 2601 360 2659 videatur
385 2617 452 2657 oum
478 2599 579 2676 lapide
605 2601 768 2676 superstite
790 2600 866 2658 alter
887 2599 959 2682 olim
982 2601 1205 2676 superpositus,
1227 2603 1278 2678 qui
1298 2605 1358 2664 iam
1380 2625 1440 2664 non

115 2707 200 2760 extat.
237 2701 265 2760 Ε
289 2701 405 2759 duobus
429 2699 513 2758 saxis
537 2701 734 2778 superpositis
757 2709 981 2760 monumentum
1004 2701 1202 2776 compositum
1224 2703 1319 2770 fuisse
1340 2713 1440 2766 osteu-

113 2801 181 2860 dunt
205 2809 270 2860 tarn
298 2819 432 2860 summae
458 2800 554 2879 pertis
579 2801 690 2877 lapidis
717 2803 770 2878 qui
797 2809 935 2878 superest
961 2801 1116 2861 scabrities
1143 2821 1232 2880 quam
1259 2805 1340 2880 quod
1361 2807 1441 2868 tituli

112 2901 223 2963 litterae
246 2921 352 2963 versus
374 2903 463 2984 primi
485 2903 524 2962 ad
546 2919 695 2962 summum
717 2921 814 2980 usque
835 2901 998 2980 marginem
1021 2905 1198 2979 perveniunt
1219 2917 1345 2984 eumque
1367 2927 1441 2984 quo-

112 3001 268 3064 dammodo
291 2985 447 3064 excedunt.
484 3004 607 3064 Prostat
628 3023 707 3062 nunc
728 3005 761 3062 in
782 3005 941 3062 ruderibus
964 3003 1046 3064 aedis
1061 3003 1227 3080 Palatinae,
1250 3025 1340 3083 quarn
1358 3009 1441 3068 Iovis

113 3105 231 3165 victoris
253 3106 352 3166 fuisse
374 3105 484 3164 dieunt.

540 3275 1017 3321 cu·oomr1vs·u·r·cmvruvs
1123 3262 1127 3268 '

672 3377 865 3420 rourrrrx

651 3477 711 3521 cos
724 3491 730 3506 ·
743 3477 822 3520 rrae·
835 3477 926 3520 mrsu

673 3579 727 3621 or·
740 3573 889 3621 meursius

110 3667 275 3747 Descripsi.

191 3769 242 3829 De
258 3769 321 3828 vita
341 3777 372 3828 et
391 3769 480 3828 rebus
502 3767 598 3845 gestis
614 3764 670 3826 On.
686 3764 814 3824 Domitii
829 3763 949 3824 calvini
972 3765 1008 3824 el.
1023 3766 1182 3826 Drumsnn
1201 3766 1302 3829 (least.
1318 3770 1405 3830 Rome
1421 3771 1438 3830 3

112 3887 140 3946 p.
156 3871 272 3948 3seqq.
302 3879 333 3929 et
354 3868 451 3931 Orelli
476 3868 575 3930 Onera
602 3866 675 3926 llull.
702 3885 731 3943 p.
749 3864 819 3926 226.
861 3865 1040 3926 Pontificem
1066 3885 1133 3926 eum
1158 3869 1253 3928 fuisse
1280 3871 1442 3931 ostendunt

110 3963 310 4031 instrumento
335 3970 519 4046 pontificalia
543 3972 769 4044 repraesentata
788 3968 819 4026 in
845 3968 975 4027 nummis
1004 3966 1136 4044 (Eekhel
1157 3969 1175 4028 5
1198 3987 1228 4045 p.
1244 3968 1334 4046 209),
1362 3974 1441 4048 quos

110 4072 273 4146 proconsul
293 4071 463 4148 Hispaniae
485 4069 585 4131 Osoae
612 4068 775 4146 signandos
802 4070 928 4129 curavit.
971 4067 1168 4128 Consulatum
1195 4071 1289 4146 gessit
1312 4072 1441 4148 primum

110 4191 137 4230 a.
155 4193 186 4234 u.
208 4193 234 4233 e.
251 4172 309 4231 701
339 4172 420 4249 (Dio
442 4171 497 4244 40,
516 4171 563 4230 17.
584 4170 634 4229 45.
655 4169 712 4242 46;
737 4170 819 4247 App.
843 4167 948 4244 2193
975 4169 1056 4229 Plut.
1078 4170 1185 4248 Pomp.
1208 4171 1248 4229 45
1271 4171 1357 4248 eet),
1385 4171 1441 4231 ite-

109 4293 174 4333 rum
196 4294 225 4334 a.
242 4275 303 4332 714
325 4273 400 4350 (Dio
422 4271 542 4346 48,15;
564 4271 638 4330 festi
660 4268 758 4330 Golot.
781 4271 872 4330 vol.I
892 4291 922 4349 p.
939 4269 1010 4344 464,
1025 4269 1095 4347 IV).
1138 4270 1306 4330 Proconsul
1327 4271 1441 4349 Hispa-

109 4375 191 4434 niam
220 4374 345 4435 sortitus
374 4372 538 4434 ceretanus
565 4371 674 4430 devicit
699 4391 726 4431 a.
748 4371 808 4431 715
835 4373 872 4432 de
898 4371 996 4448 iisque
1022 4371 1217 4448 triumphavit
1243 4390 1270 4430 a.
1291 4370 1352 4429 718
1384 4371 1441 4448 (of.

110 4475 235 4534 tabulae
260 4474 457 4552 triumphales
479 4472 609 4551 Capitol.
636 4471 728 4532 rol.I
747 4493 777 4550 p.
792 4471 851 4532 461
880 4481 911 4532 et
930 4471 1087 4532 Barberin.
1114 4471 1136 4530 l.
1155 4489 1180 4530 c.
1201 4491 1231 4549 p.
1248 4471 1339 4548 478),
1368 4489 1442 4531 auro

108 4584 210 4636 autem
232 4576 404 4659 coronario,
425 4575 507 4651 quod
528 4572 782 4652 triumphantibus
802 4574 948 4651 praebere
968 4573 1105 4633 civitates
1128 4571 1274 4644 solebant,
1299 4587 1373 4631 usus
1396 4579 1443 4632 est

109 4673 147 4735 ad
173 4675 368 4737 reficiendam
395 4676 510 4753 regium
538 4673 676 4734 incendio
703 4673 832 4734 deletam
858 4673 913 4750 (es.
939 4672 1001 4732 Dio
1027 4671 1083 4744 48,
1102 4671 1168 4748 42).
1210 4672 1257 4732 Ea
1282 4672 1442 4744 oreasione

108 4777 214 4838 oblata
240 4778 329 4838 etiam
354 4777 386 4836 in
408 4775 549 4836 Palatino
569 4774 688 4835 videtur
712 4773 867 4834 dedicasse
888 4781 1018 4834 statuam
1039 4771 1330 4856 quandamaliudve
1352 4771 1442 4832 dona·

108 4878 199 4952 mum,
222 4893 291 4938 eum
313 4895 372 4938 non
393 4878 458 4936 reri
480 4877 578 4938 simile
599 4876 639 4936 sit
659 4893 698 4937 ex
719 4875 803 4954 regia
822 4876 926 4935 basem
948 4892 984 4936 eo
1005 4873 1183 4936 manslatam
1204 4891 1283 4937 esse.

618 5125 622 5133 ¹
678 5124 880 5136 *nunu-un.-
