3620 6080
385 799 458 872 226
956 799 1140 854 uounsnu

383 993 421 1052 lis
442 985 555 1049 sacculi
575 983 654 1044 sexti
674 977 865 1052 ineuntisque
881 973 1012 1052 septimi,
1034 989 1131 1049 neque
1145 969 1175 1030 id
1191 989 1245 1048 per
1259 987 1292 1030 sc
1307 971 1458 1034 offendere
1472 976 1569 1049 debet3
1589 991 1691 1038 namot

383 1088 532 1171 praetoris
554 1083 678 1146 maximi
698 1078 780 1157 apud
799 1075 936 1147 Latinos,
956 1075 999 1134 ita
1020 1073 1185 1156 στρατηγοῦ
1197 1062 1308 1129 ὑπάτου
1329 1075 1508 1136 vocabulum
1521 1079 1598 1156 apud
1612 1076 1692 1140 Grae·

384 1210 437 1254 cos
457 1187 512 1250 illa
531 1191 628 1246 aetate
648 1181 737 1260 plane
758 1178 932 1238 exoleverat
952 1175 1062 1251 quique
1084 1191 1119 1232 eo
1140 1173 1280 1232 utebatur
1301 1193 1362 1234 non
1382 1175 1487 1237 doctus
1504 1180 1691 1251 interducias,

385 1293 440 1354 sed
464 1289 658 1368 magistratus
684 1278 909 1358 magistratibus
935 1275 1085 1345 scribens,
1112 1273 1276 1332 credendus
1298 1283 1426 1335 estnon
1448 1280 1692 1356 tamautiquatam

383 1394 467 1454 verbi
488 1385 737 1468 significationem
758 1379 935 1440 resuscitare
950 1376 1085 1436 voluisse
1106 1393 1195 1450 quam
1217 1376 1274 1434 hoc
1294 1375 1392 1435 dicere
1406 1387 1573 1455 praetorem
1587 1397 1616 1440 se
1628 1399 1691 1454 esse,

384 1493 439 1554 sed
463 1489 636 1570 primarium
663 1493 694 1546 et
718 1499 811 1559 supra
834 1479 968 1555 reliquos
989 1487 1142 1553 praetores
1165 1476 1352 1536 eminentem.
1396 1477 1484 1551 Quae
1506 1481 1602 1557 opinio
1621 1501 1693 1558 prae·

383 1605 466 1656 terea
491 1609 527 1650 cc
553 1585 793 1657 commendetur,
820 1579 903 1658 qnod
923 1579 1003 1638 idern
1024 1576 1160 1636 Fannius
1182 1578 1214 1634 in
1236 1577 1366 1654 epistula
1386 1580 1509 1654 publica
1530 1582 1587 1640 alia
1605 1583 1692 1641 eodem

384 1714 462 1754 anno
485 1693 598 1768 scripta
618 1686 788 1765 appellatur
808 1668 1093 1765 ἀρχιστρατηγᾶςῑ).
1132 1678 1199 1736 Iam
1218 1679 1270 1737 ubi
1291 1679 1556 1756 circumspicimus,
1576 1685 1624 1758 qui
1641 1685 1693 1742 lieri

382 1795 524 1874 potuerit,
543 1800 579 1850 ut
600 1788 635 1849 0.
651 1787 788 1848 Fannius
809 1791 930 1858 praetor
951 1780 1046 1839 Asiae
1068 1798 1094 1836 a.
1111 1779 1171 1838 705
1194 1797 1287 1855 supra
1307 1781 1444 1855 reliquos
1467 1791 1614 1857 praetores
1634 1785 1692 1841 eni-

383 1903 481 1967 neret‚
508 1893 609 1952 statim
637 1885 783 1948 succurrit
809 1883 968 1942 notissima
992 1880 1104 1938 liberae
1126 1881 1170 1936 rei
1191 1880 1327 1954 publicae
1349 1882 1536 1941 consuetudo
1556 1886 1693 1959 praetoriis

384 1993 565 2074 quibusdam
589 1988 774 2068 provinciam
801 1982 972 2060 regentibus
997 1981 1064 2039 iura
1091 1989 1120 2038 et
1146 1979 1278 2056 insignia
1303 1983 1533 2055 proconsularia
1558 1985 1693 2058 tribuendi,

384 2098 421 2156 dc
448 2114 510 2174 qua
534 2099 606 2170 post
632 2090 708 2148 alios
734 2087 783 2164 egi
809 2084 848 2142 ad
869 2084 899 2154 I,
915 2083 989 2153 6413
1017 2081 1098 2156 quod
1126 2081 1286 2156 quominus
1306 2081 1397 2140 etiam
1418 2081 1539 2142 Fannio
1560 2087 1694 2164 contigerit

382 2215 438 2274 per
459 2193 636 2254 difficillima
655 2191 700 2248 rei
720 2186 857 2264 publicae
878 2192 1015 2260 tempora
1030 2183 1136 2240 Asiam
1158 2183 1282 2257 regenti,
1304 2182 1429 2242 dubium
1452 2203 1520 2243 esse
1535 2187 1583 2244 vix
1603 2197 1693 2262 potest.

384 2302 428 2358 At
447 2297 475 2356 is
490 2293 600 2355 Fannii
621 2291 717 2350 honor
737 2285 889 2364 quomodo
911 2283 1059 2342 enuntiari
1080 2283 1219 2358 potuerit,
1242 2283 1341 2342 minus
1362 2283 1454 2344 facile
1470 2293 1517 2344 est
1531 2287 1619 2358 dictu;
1639 2305 1693 2345 nan

385 2417 447 2458 noa
474 2405 507 2456 ut
532 2393 641 2470 reliqui
668 2399 738 2468 post
755 2396 927 2466 praeturam
949 2385 980 2442 in
1002 2383 1075 2442 urbe
1097 2391 1195 2442 actam
1216 2403 1272 2459 pro
1294 2385 1416 2443 consule
1440 2387 1607 2462 provinciae
1625 2405 1694 2465 prae·

385 2507 460 2572 erat,
481 2497 535 2558 sed
556 2501 694 2572 praeerat
714 2491 743 2549 ei
763 2490 794 2548 in
816 2489 884 2564 ipsa
904 2494 1046 2562 praetura
1066 2484 1266 2561 iungebatque
1288 2503 1357 2544 cum
1376 2485 1545 2546 honoribus
1559 2499 1694 2565 praeturae

386 2603 517 2660 honores
550 2592 791 2672 proconsulatus.
841 2588 947 2647 Potuit
978 2595 1058 2645 recte
1090 2584 1237 2662 appellari
1267 2596 1385 2661 praetor
1413 2606 1472 2663 pro
1500 2587 1642 2666 ccnaoie²)
1666 2589 1695 2646 ad

388 2697 560 2776 exemplum
592 2696 753 2772 quaestoria
776 2708 833 2766 pro
858 2699 1006 2764 praetore;
1040 2685 1093 2744 sed
1120 2687 1238 2744 videtur
1265 2687 1353 2745 aliter
1369 2707 1445 2746 rem
1476 2689 1651 2748 ordinavisse
1673 2698 1695 2747 et

386 2800 495 2860 Latine
516 2797 638 2873 quidem
658 2791 842 2852 continuisse
864 2807 896 2848 se
917 2790 998 2847 intra
1018 2787 1131 2847 nudum
1151 2787 1273 2846 titulum
1293 2790 1458 2866 praetoris,
1482 2788 1596 2850 Graece
1616 2799 1695 2848 auten

387 2900 501 2960 dixisse
523 2915 557 2956 se
578 2888 739 2979 στρὰτηγδν
760 2883 869 2948 ὕπατον
890 2891 956 2949 sive
977 2877 1224 2971 ἀρχιπρατηγᾶν,
1245 2888 1276 2947 id
1298 2897 1344 2948 esi
1365 2898 1536 2966 praetorem
1556 2892 1695 2950 maximum
1774 2935 1775 2956 ,

388 3002 452 3059 sive
478 2998 668 3074 primarium,
696 3010 803 3068 nempe
829 2992 989 3050 habentem
1014 2989 1112 3049 fasces
1139 2989 1304 3049 duodecim.
1353 2990 1468 3052 Iulium
1495 2991 1603 3054 Gaium
1628 2993 1695 3051 illum
1774 2957 1775 3017 ¹

388 3101 451 3160 siva
472 3116 533 3174 quo
554 3096 615 3156 alio
636 3095 755 3155 nomine
776 3093 842 3164 fuit,
863 3092 917 3168 qui
939 3091 1041 3168 paullo
1062 3100 1132 3167 post
1155 3089 1287 3150 Caesare
1309 3092 1455 3151 dictatore
1477 3095 1569 3154 Asiae
1590 3093 1696 3170 praefuit

388 3192 550 3282 στρατηγὸς
571 3187 691 3262 ὕπατος,
712 3195 786 3255 nihil
806 3193 940 3271 impedit,
962 3191 1121 3269 quominus
1142 3191 1213 3250 item
1235 3199 1402 3252 statuamus
1426 3213 1463 3252 eo
1485 3195 1577 3256 ivisse
1596 3195 1695 3272 inipso

387 3307 546 3378 praeturae
567 3315 646 3357 anno
668 3299 735 3356 iura
755 3297 915 3356 habentem
935 3293 1134 3370 proconsulis,
1157 3311 1225 3351 curn
1246 3295 1424 3370 praesertim
1446 3315 1628 3373 nequaquam
1647 3314 1696 3354 cer·

388 3409 454 3460 tum
480 3401 522 3461 sit
544 3398 705 3460 Gaesarem
732 3397 905 3456 dictatorern
927 3395 1024 3471 legem
1045 3393 1083 3452 de
1104 3392 1226 3453 biennio
1248 3403 1405 3470 praeturae
1427 3397 1507 3456 inter
1528 3400 1626 3457 urbem
1644 3415 1695 3474 pro·
1771 3439 1772 3450 .

388 3502 580 3579 vinciamque
602 3497 807 3559 distribuendo
830 3496 1029 3574 aequabiliter
1049 3495 1237 3554 observasse.

951 3695 1155 3705 ···-
1768 3623 1771 3794 l

498 3911 569 3970 XII.
612 3907 846 3970 ANALEGTA
867 3907 926 3967 DE
948 3903 1177 3967 PISONIBVS
1199 3907 1255 3966 ET
1277 3905 1450 3970 osassls
1474 3909 1612 3972 FRVGI.

473 4066 525 4124 Ad
552 4084 590 4124 ea
616 4083 693 4141 quae
721 4081 813 4140 supra
841 4082 871 4140 p.
895 4063 952 4121 143
971 4079 1035 4138 seq.
1069 4061 1198 4137 exposui
1227 4063 1264 4121 de
1293 4061 1468 4140 calpurniis
1499 4066 1652 4126 Pisonibus
1674 4071 1696 4118 et

391 4166 513 4228 Crassis
535 4165 631 4242 Frugi
657 4173 851 4223 accreverunt
875 4162 1022 4239 quaedam
1049 4181 1115 4222 cum
1143 4181 1182 4223 ex
1204 4181 1270 4221 mea
1291 4162 1419 4222 lectione
1440 4175 1504 4224 tum
1527 4186 1566 4226 ex
1585 4162 1695 4224 admon-

389 4268 521 4326 tionibus
535 4265 679 4326 Richardi
694 4261 835 4324 Schoenii
856 4264 914 4323 mei
936 4263 1125 4340 aliorumque
1145 4264 1320 4336 amicorum,
1342 4282 1419 4340 quae
1441 4285 1479 4325 ne
1500 4268 1609 4346 pagins
1621 4269 1695 4331 vacet

389 4370 439 4426 hic
460 4369 579 4428 adicere
599 4365 722 4442 placuit.
1400 4365 1402 4370 '

475 4468 598 4528 Titulus
624 4466 757 4526 urbanus
781 4472 857 4541 *post
884 4465 960 4524 alios
980 4465 1095 4523 relatus
1117 4465 1198 4542 apud
1219 4463 1367 4524 Orellium
1390 4467 1532 4526 n.·3689:
1561 4468 1591 4524 bi
1609 4464 1696 4524 amum

391 4564 478 4626 XIX
491 4572 583 4644 potiti
604 4578 672 4627 aunt
691 4566 727 4625 ab
743 4564 930 4625 Scriboniano
952 4574 978 4624 c!
998 4564 1103 4624 Pisone
1125 4565 1218 4641 mayr·
1239 4584 1273 4626 aa
1292 4565 1474 4641 deputatione
1495 4568 1526 4625 Τ.
1543 4567 1628 4626 Flaui
1645 4563 1695 4622 Vea-

394 4747 598 4762 h-fl-—n--n

472 4871 496 4935 ¹)
523 4875 648 4940 Iosephus
663 4877 706 4939 15,
723 4876 828 4938 10,1³2
847 4873 925 4932 Τῖτος
938 4865 1050 4942 Ἄμπιος
1067 4867 1147 4924 Τίτου
1165 4863 1220 4933 υἱός
1238 4863 1342 4938 Βέλβος
1359 4867 1511 4946 πρισβιυτιὶς
1528 4873 1569 4926 acl
1585 4858 1695 4938 ciminii-

392 4975 466 5028 τηγος
483 4955 608 5030 Ἐφεσίων
627 4954 741 5036 ἄρχουσι
760 4963 848 5037 βουλῇ
863 4955 930 5033 δήμῳ
949 4961 1061 5038 χαίριιν.
1092 4965 1204 5030 Ι)οὶιιι1ιιἱ
1215 4968 1250 5017 ihi
1263 4974 1302 5018 sat
1314 4969 1365 5018 sict
1383 4959 1451 5037 capri
1469 4961 1564 5018 Φαινίου
1580 4962 1622 5014 τοῦ
1634 4955 1695 5030 α’ρχι·

394 5047 534 5120 στρατηγοιῗ
550 5072 572 5103 ιι.
582 5071 605 5105 τ.
614 5054 642 5104 λ.
683 5055 837 5107 Ducbnerua
856 5058 927 5123 quod
945 5057 1035 5121 edidit,
1054 5072 1087 5108 ex
1106 5059 1254 5109 coniectura
1272 5065 1300 5108 ut
1317 5059 1427 5122 videtur,
1446 5047 1631 5126 ἀντιστρατήγου
1647 5047 1695 5103 ferri

392 5135 447 5194 non
464 5159 541 5210 posse
559 5153 627 5196 recte
645 5147 733 5198 docuit
750 5147 942 5213 Waddington3
962 5149 1073 5214 epistula
1090 5149 1160 5199 enim
1178 5149 1274 5214 scripta
1291 5156 1330 5199 est
1347 5163 1436 5200 mense
1453 5148 1560 5200 Octobri
1578 5161 1600 5197 a.
1615 5142 1666 5194 705.

438 5250 440 5256 ’
468 5231 494 5298 ’)
522 5232 632 5286 Praetor
644 5251 696 5304 pro
715 5237 816 5288 consule
841 5240 885 5304 qui
908 5240 1039 5290 invenitur
1061 5241 1089 5290 in
1110 5241 1191 5290 titulis
1215 5241 1262 5290 etai
1280 5241 1343 5290 item
1361 5254 1414 5290 uno
1432 5240 1522 5304 spiritu
1539 5237 1632 5287 videtur
1647 5229 1693 5280 edt-

325 5382 327 5384 ,
391 5327 487 5378 rendua
510 5339 579 5388 esse,
603 5341 658 5377 non
680 5316 809 5393 significat
830 5335 976 5392 praetorem
998 5329 1141 5396 eodemque
1164 5343 1233 5382 anuo
1257 5331 1450 5396 proconsulem,
1475 5329 1521 5380 sed
1541 5328 1622 5394 priora
1639 5330 1693 5372 anu⁰

391 5423 548 5480 praetorem,
568 5418 710 5479 posteriorc
728 5418 907 5481 proconsulem
926 5419 960 5480 (v.
980 5422 1014 5472 ad
1033 5421 1055 5485 Ι,
1070 5421 1143 5482 641).
