3568 6070
543 613 841 670 onsnnvnnouns
859 614 977 668 serua.
996 616 1030 666 v.
1080 623 1088 638 ·
1375 597 1445 668 127

127 789 325 860 Maximian03
345 788 483 848 illaesum
504 786 648 848 remansit
661 803 722 844 una
737 804 803 846 cum
818 783 932 846 Chloro
946 785 977 844 in
992 786 1137 851 Africano
1152 807 1183 846 n.
1195 791 1243 864 ll,
1265 791 1316 850 ubi
1330 793 1449 854 sublata

127 899 194 954 suut
214 889 337 950 nomina
357 895 418 950 tan
440 887 624 948 Diocletiani
645 894 676 946 et
696 886 872 946 Maximiani
893 905 983 963 quam
1007 885 1111 948 Severi
1133 897 1163 952 et
1176 891 1344 966 Maximini,
1366 903 1396 956 et
1415 897 1447 956 in

126 991 261 1068 Hispano
283 1011 312 1050 n.
328 991 361 1064 8,
388 991 440 1052 ubi
468 989 572 1052 excisa
593 995 664 1083 sunt
684 988 806 1048 nomina
827 985 1008 1048 Diocletiani
1029 997 1059 1048 et
1078 989 1264 1052 Maximiani.
1307 994 1448 1072 Denique

126 1090 226 1155 Severi
240 1099 272 1154 et
285 1091 443 1154 Maximini
464 1091 586 1152 nomina
604 1089 758 1168 perierunt
778 1089 809 1147 in
830 1089 925 1148 titulis
947 1089 1067 1150 duobus
1084 1091 1197 1152 urbano
1218 1113 1248 1156 ιι.
1263 1095 1298 1154 11
1322 1104 1353 1156 et
1369 1097 1448 1158 Afri·

125 1211 197 1255 cano
219 1213 249 1252 n.
268 1191 316 1253 12.

202 1282 400 1354 Drasa'sunt
424 1292 547 1354 nomina
572 1309 610 1351 ea
630 1290 668 1350 de
692 1290 799 1367 quibus
827 1289 944 1369 agium
970 1291 1001 1351 in
1028 1291 1174 1354 Numidia
1193 1295 1448 1376 Mauretaniisque

124 1411 181 1454 uon
206 1401 277 1456 ante
303 1414 330 1454 a.
351 1394 428 1466 3053
456 1412 526 1454 nam
555 1410 664 1452 rasura
689 1391 826 1469 pervenit
849 1410 910 1452 non
938 1391 1035 1454 solum
1061 1393 1100 1453 ad
1120 1395 1241 1458 titulum
1269 1399 1339 1458 nil
1366 1401 1448 1461 dedi·

124 1503 219 1556 catnm
241 1497 513 1566 asseuerante,
538 1493 592 1556 sed
614 1493 703 1582 etiam
725 1493 764 1554 ed
784 1492 912 1552 alterum
933 1513 963 1554 n.
980 1495 1033 1567 ll,
1058 1513 1148 1572 quem
1168 1505 1295 1575 apparet
1314 1503 1447 1578 positum

123 1613 186 1658 esse
214 1605 289 1674 post
318 1596 535 1658 abdicationem
566 1595 717 1655 saniorum
743 1593 950 1670 Augustorum
976 1601 1007 1654 et
1033 1597 1214 1658 creationem
1240 1601 1448 1678 Augustarum

124 1694 293 1758 Constantii
314 1705 345 1756 et
365 1696 495 1768 Galerii,
517 1693 681 1756 Caesarum
704 1692 808 1754 Severi
829 1701 860 1754 ct
880 1695 1052 1769 Maximini,
1078 1716 1155 1774 quae
1176 1699 1256 1762 sacta
1276 1711 1323 1762 est
1343 1723 1370 1764 a.
1386 1705 1446 1764 305

121 1798 150 1857 k.
172 1798 270 1876 April.
286 1831 329 1842 -
354 1798 390 1858 In
410 1799 484 1858 urbe
505 1797 585 1858 idem
606 1783 715 1856 accidit
734 1803 813 1856 certe
834 1813 895 1854 nou
916 1798 1065 1858 aumriore
1086 1808 1232 1877 tempore3
1253 1821 1321 1864 nam
1344 1805 1448 1866 titulus

123 1919 150 1959 ιι.
164 1899 215 1971 10,
241 1901 297 1975 qui
323 1899 443 1960 lituram
467 1915 629 1978 perpessus
655 1904 717 1970 est,
748 1896 903 1958 dedicatus
930 1905 976 1958 est
1002 1918 1029 1960 a.
1045 1899 1105 1959 305
1126 1902 1175 1961 vel
1195 1903 1266 1962 306.
1309 1904 1447 1982 Denique

123 1997 258 2062 Gallicae
282 2020 311 2060 ιι.
329 1998 366 2060 12
389 1999 527 2060 similiter
548 2016 653 2059 erasus
674 1998 789 2074 positus
811 2007 859 2058 est
878 1999 957 2058 inter
977 2017 1004 2058 a.
1021 1999 1081 2060 306
1097 2008 1127 2060 et
1142 2001 1212 2062 308.

201 2099 307 2161 Causa
321 2101 427 2160 burum
441 2101 598 2160 liturarum
613 2117 761 2176 quaenam
774 2097 873 2170 fuerit,
891 2100 1093 2175 quaerendum
1108 2111 1253 2180 superest.
1288 2105 1447 2168 Ranierius

122 2202 198 2276 quod
219 2202 351 2262 coniecit
371 2201 406 2278 (l.
421 2221 447 2262 c.
468 2202 505 2260 ad
527 2220 556 2260 n.
573 2201 606 2278 9)
628 2219 688 2260 non
709 2199 887 2261 auctoritate
908 2201 1030 2276 publica
1050 2202 1171 2262 nomina
1191 2203 1244 2262 illa
1258 2205 1357 2266 deleta
1370 2226 1447 2282 esse,
1498 2225 1501 2230 ·

124 2303 173 2360 sed
194 2303 263 2361 odio
289 2300 531 2362 Christianorum
551 2301 633 2378 quod
653 2307 723 2378 post
743 2298 933 2360 Constantini
954 2301 1111 2362 victoriam
1132 2304 1163 2364 iu
1185 2304 1290 2366 Africa
1309 2309 1448 2369 efferbuit

122 2409 221 2463 contra
245 2404 405 2481 religionis
427 2401 567 2478 antiquae
589 2408 752 2460 sectatores
775 2407 805 2460 et
824 2402 952 2460 recentis
973 2411 1193 2478 persecutores,
1214 2416 1295 2466 recte
1316 2407 1447 2469 Rossius

122 2504 233 2578 reiecit,
258 2504 375 2564 nullam
397 2505 476 2563 enim
497 2503 635 2562 novimus
657 2501 805 2562 eiusmodi
825 2503 986 2562 memoriae
1008 2503 1229 2564 damnationem
1250 2507 1308 2566 nisi
1328 2510 1448 2586 publice
1559 2529 1562 2532 ·
1590 2543 1601 2568 ι

122 2604 229 2664 iussam
255 2623 356 2682 neque
381 2603 536 2681 probabile
564 2609 611 2663 est
637 2602 734 2662 simile
760 2602 876 2661 lacinus
900 2603 1003 2680 perlici
1024 2605 1159 2680 potuisse
1179 2607 1298 2682 privato
1319 2611 1447 2669 consilio

123 2703 373 2766 christianorum.
415 2705 483 2784 Ego
510 2704 591 2781 quod
611 2703 757 2780 proposui
778 2703 897 2762 titulum
920 2702 1173 2782 Ostipponensem
1196 2708 1341 2769 adactam
1364 2711 1448 2772 abdi·

122 2806 265 2866 cationem
292 2805 476 2866 Diocletiani
503 2812 534 2863 et
559 2803 736 2865 Maximiani
767 2803 800 2864 in
825 2805 873 2864 his
898 2805 1036 2882 partibus
1061 2806 1234 2885 longinquis
1261 2809 1305 2868 ita
1330 2829 1447 2886 percre-

123 2907 234 2982 buisse,
262 2907 349 2967 utri
376 2906 505 2986 depositi
529 2905 626 2983 magis
647 2904 838 2966 crederentur
858 2923 948 2982 quam
970 2906 1099 2968 honesta
1120 2910 1220 2985 specie
1240 2912 1362 2985 remoti,
1386 2915 1447 2974 iam

123 3007 261 3088 intellego
289 3007 414 3067 refutari
441 3008 577 3067 erasione
602 3006 755 3064 nominum
777 3003 893 3066 Galerii
919 3003 1023 3068 Severi
1043 3008 1216 3083 Maximini,
1241 3029 1330 3087 quam
1357 3014 1448 3072 simul

123 3108 227 3167 factam
252 3125 324 3168 esse
345 3125 433 3167 nemo
453 3107 541 3166 facilc
562 3107 691 3183 negabit.
735 3103 814 3166 Sane
836 3105 972 3166 Herculii
992 3127 1101 3168 nomen
1122 3129 1174 3169 cur
1195 3112 1334 3172 abrasum
1357 3114 1398 3172 sit
1418 3121 1449 3173 et

125 3219 226 3286 sponte
252 3216 340 3286 patet
366 3217 396 3268 et
421 3215 523 3267 narrat
549 3206 725 3266 Lactantius
754 3207 791 3266 de
819 3215 906 3266 mort
935 3225 1050 3284 perseo.
1077 3227 1103 3267 c.
1124 3209 1178 3268 42:
1208 3213 1301 3270 eodem
1328 3224 1449 3290 tempore

124 3309 248 3383 (seilicet
277 3318 346 3386 post
367 3309 487 3368 caedem
509 3308 683 3367 Maximiani
707 3307 833 3366 senioris
855 3327 881 3366 a
897 3327 926 3385 p.
943 3306 977 3368 Ο.
994 3308 1069 3385 310)
1095 3314 1171 3369 aenis
1192 3311 1369 3371 Maximiani
1389 3325 1448 3374 eta-

125 3420 184 3470 tuae
200 3411 384 3472 Constantini
403 3414 484 3468 iaetu
503 3409 710 3468 revellebantur
730 3416 758 3466 et
776 3411 922 3483 tempiset,
944 3409 1110 3484 ubicumque
1131 3409 1209 3485 (cod.
1231 3397 1368 3488 imapinee
1386 3432 1448 3473 uem

124 3511 190 3587 qua)
208 3516 307 3588 picae
329 3521 409 3582 esset,
430 3510 666 3570 nectebantur:
686 3517 714 3567 et
729 3511 798 3584 quia
812 3525 891 3566 aenea
906 3509 987 3566 ando
1001 3510 1087 3568 simul
1094 3511 1262 3585 ploransque
1270 3516 1344 3587 picti
1357 3519 1448 3585 eram,

124 3621 149 3668 et
160 3614 300 3688 imagines
313 3611 399 3669 timul
412 3611 623 3687 deponebantur
634 3609 789 3668 amborum,
814 3607 917 3684 Itaque
931 3606 1035 3684 (immo
1048 3610 1146 3686 idque)
1161 3627 1223 3668 cum
1236 3613 1343 3671 uideret
1358 3611 1447 3686 (Dio-

123 3711 281 3788 cletianus)
300 3715 393 3782 aleus,
415 3713 494 3787 quod
509 3711 584 3770 nulli
595 3728 730 3787 umquam
743 3713 944 3785 imperatarum
958 3711 1110 3781 uenderet,
1130 3712 1305 3770 caenandum
1318 3713 1373 3772 sibi
1387 3731 1447 3773 esee

123 3813 250 3872 denam
284 3811 385 3871 Etiam
400 3810 550 3871 Eusebius
565 3811 610 3871 sie
624 3811 729 3870 scribit
739 3809 783 3886 ¹)t
799 3798 909 3893 equites
924 3799 1024 3867 τιν’τνν
1040 3810 1243 3887 (Maximiani)
1259 3806 1311 3874 eds
1325 3803 1369 3871 inl
1383 3817 1449 3891 τιμῇ

124 3907 241 3995 γραφεὶς
265 3902 435 3996 ἀνδριάντας
459 3934 490 3970 τε
515 3901 563 3970 nui
584 3905 640 3968 dea
662 3912 780 3968 τοιαῦτα
801 3906 848 3966 ἐπ’
870 3901 1009 3967 ἄναθὲνει
1031 3901 1186 3980 νενόμιπαι
1208 3909 1246 3974 ὥς
1267 3905 1378 3972 luorico
1399 3905 1448 3972 nni

125 4003 364 4080 δνσσεβισιιίτον
388 4005 546 4096 καθῄρουν.
588 4013 632 4071 At
658 4011 696 4070 ad
717 4011 879 4069 Africanos
901 4011 1004 4070 titulos
1026 4012 1147 4088 proprie
1168 4014 1242 4072 haec
1263 4032 1324 4072 non
1344 4033 1448 4090 pervc-

124 4114 220 4187 niunt;
242 4131 281 4174 co
302 4114 381 4174 eninr
400 4120 533 4191 tempore
554 4131 615 4189 quo
629 4110 846 4171 Constantinus
860 4111 1038 4170 Maximiani
1059 4112 1189 4172 senioris
1211 4121 1327 4172 statuas
1344 4116 1449 4174 revelli

124 4213 219 4288 iussit,
241 4213 348 4274 Africa
368 4232 429 4272 non
449 4214 510 4291 ipsi
530 4214 664 4289 parebat,
686 4213 741 4270 sed
761 4219 814 4270 aut
834 4212 989 4271 Maxentio
1009 4220 1062 4271 aut
1077 4213 1253 4272 Alexandro
1276 4213 1402 4290 (Zosim.
1418 4214 1448 4287 2,

128 4314 329 4391 1t.13.14).
371 4314 472 4373 Huius
497 4315 594 4392 ipsius
620 4313 788 4372 Alexandri
814 4314 901 4372 iussu
926 4312 1109 4372 Diocletiani
1135 4313 1310 4372 Maximiani
1332 4312 1449 4373 Galerii

126 4422 238 4474 statuas
265 4415 401 4474 sublatas
427 4432 495 4474 esse
521 4413 630 4473 conicit
656 4413 801 4487 Roscius,
833 4412 939 4473 Chlori
959 4413 1081 4472 relictas
1107 4421 1209 4490 utpote
1236 4423 1305 4472 ante
1330 4415 1449 4473 mortui.
1500 4465 1507 4478 ,

128 4514 185 4575 Sed
205 4535 268 4575 non
289 4515 364 4574 satis
384 4515 576 4592 intellegitur,
598 4496 688 4590 quain
710 4515 748 4572 ob
769 4533 831 4572 rem
846 4515 1021 4573 Alexander
1040 4523 1101 4571 tam
1123 4512 1240 4572 infenso
1262 4513 1362 4571 animo
1383 4532 1450 4589 per·

127 4625 245 4676 secutus
273 4617 313 4674 sit
333 4616 527 4691 imperatores
549 4633 618 4686 eos,
645 4615 696 4690 qui
718 4623 771 4672 ant
791 4631 917 4690 regnare
938 4615 1099 4674 desiissent
1120 4620 1172 4672 aut
1194 4622 1272 4672 certe
1293 4631 1360 4671 eum
1382 4615 1450 4688 ipso

126 4735 187 4775 rem
212 4734 274 4776 non
295 4716 447 4775 haberent.
491 4713 592 4789 Quare
610 4715 707 4792 magis
729 4714 906 4774 crediderim
928 4723 1094 4775 statuarum
1116 4733 1218 4773 earum
1238 4701 1293 4792 per
1313 4714 1448 4772 Africam

203 4964 227 5027 ¹)
255 4967 322 5016 Hist.
342 4967 432 5016 eccles.
453 4967 527 5028 8,13
552 4966 693 5031 iisdemque
717 4965 771 5015 tere
790 4965 874 5016 verbis
898 4965 943 5016 vit.
964 4964 1052 5015 const.
1074 4967 1098 5026 1,
1113 4965 1157 5014 4⁷.
1196 4963 1339 5015 confundit
1362 4969 1452 5014 auctor

128 5054 243 5119 imperite
265 5057 456 5107 Maximianum
478 5057 605 5111 seniorem
629 5063 655 5106 et
674 5056 847 5108 Maximinum
870 5055 984 5117 Dauum,
1010 5054 1055 5104 aad
1080 5054 1114 5104 ad
1136 5055 1209 5104 illum
1232 5055 1361 5120 pertinere
1386 5067 1452 5118 quae

128 5153 263 5196 uenantur
281 5148 343 5198 satis
361 5153 469 5198 constat.
506 5147 606 5198 Eadem
620 5147 748 5200 Licinium
764 5146 856 5197 fecisse
874 5147 901 5196 ia
920 5145 1035 5211 partibus
1054 5143 1169 5196 Orientis
1186 5145 1288 5196 devicto
1306 5143 1451 5196 Maximino

128 5233 183 5285 inse
201 5243 319 5288 narratur
336 5237 396 5288 bist.
414 5237 476 5289 eccl.
495 5238 580 5300 9,11.
