3568 6070
329 582 401 654 140
895 597 1075 651 nouusns

325 773 525 848 inopportuno
546 770 665 829 silentio
683 770 819 828 laterculi
840 771 871 826 iu
893 769 1105 828 commentario
1125 778 1237 829 tacens.
1273 769 1374 844 Quare
1394 790 1462 830 cum
1484 773 1556 831 satis
1573 793 1636 833 con·

326 879 405 932 stare
427 871 559 929 videatur
580 866 709 928 llassum
730 891 814 942 eum,
840 871 893 946 qui
914 869 1012 928 fasces
1033 871 1128 946 ges‘sit
1152 871 1259 928 iterum
1281 891 1308 930 a.
1324 871 1395 945 271,
1423 881 1511 930 antea
1531 871 1638 953 ἐπανορ-

325 966 424 1040 θωτὴν
448 959 545 1040 reisue
563 962 703 1036 Ἰταλίας,
727 971 758 1029 id
784 979 829 1029 est
854 971 946 1030 totius
968 971 1075 1029 Italiae
1100 979 1296 1034 correctorem
1321 971 1429 1045 fuisse,
1458 973 1560 1032 eodem
1581 974 1639 1032 sine

220 1087 223 1093 ’
326 1073 416 1132 dubio
441 1089 577 1144 munere,
604 1072 667 1130 sive
688 1071 956 1130 extraordinarium
977 1071 1008 1130 id
1029 1089 1064 1130 eo
1086 1078 1220 1147 tempore
1241 1073 1297 1131 fuit
1318 1073 1381 1132 sive
1401 1074 1564 1152 legitimum
1585 1075 1638 1132 iam

1766 59 1767 66 r

1766 119 1767 134 l

1766 155 1767 182 l

1766 193 1767 222 l

1766 229 1767 238 r

1766 243 1767 256 1

1766 265 1767 272 r

1766 275 1767 292 l

1766 299 1767 322 l

1544 621 1547 628 .

1630 1807 1641 1818 .

1643 3271 1649 3286 Ι

1610 3799 1616 3812 r

1551 3869 1555 3878 ι

326 1183 356 1232 et
384 1173 545 1244 sollemne,
576 1172 646 1229 item
673 1172 837 1247 imperante
866 1169 1023 1230 Caracalla
1052 1170 1180 1232 Sabinus
1208 1171 1328 1231 functus
1357 1179 1410 1232 est.
1458 1174 1581 1232 Accedit
1606 1173 1639 1230 ad

326 1275 382 1333 bos
408 1274 483 1331 duos
509 1271 628 1342 titulos,
656 1289 732 1347 quae
758 1273 887 1348 scriptor
909 1271 1036 1330 vitarum
1060 1272 1183 1348 triginta
1206 1263 1506 1350 tyriannorumc.14
1532 1274 1567 1332 de
1587 1273 1639 1331 Te·

325 1376 400 1433 trioo
428 1381 530 1432 namet
550 1391 617 1430 eum
639 1372 676 1430 ab
697 1371 860 1431 Aureliano
882 1380 1040 1448 postquam
1063 1372 1196 1432 devictus
1218 1383 1298 1432 esset
1317 1373 1429 1432 factum
1450 1391 1518 1433 esse
1539 1391 1640 1432 corra-

326 1483 413 1532 torem
438 1476 523 1532 totius
549 1473 670 1544 Italiae,
696 1475 729 1529 id
752 1481 793 1530 eat
815 1472 990 1548 Campaniae
1016 1473 1130 1532 Samnii
1153 1472 1304 1532 Lucaniae
1324 1474 1504 1534 Bruttiorum
1524 1472 1640 1550 Apuliae

327 1575 479 1634 Calabriae
503 1572 644 1631 Etruriae
669 1581 754 1647 atque
780 1571 913 1631 Umbriae
939 1573 1038 1631 Piceni
1062 1584 1089 1632 et
1109 1573 1275 1633 Flaminiae
1300 1578 1444 1651 omnisque
1473 1578 1640 1633 annonariae

324 1678 458 1752 repionia.
495 1671 580 1746 Quae
600 1674 731 1730 narratio
753 1671 884 1730 auctoris
907 1691 980 1731 sane
1001 1673 1078 1732 levis
1100 1673 1197 1732 adhuc
1210 1675 1321 1733 reiecta
1333 1681 1380 1733 est
1393 1685 1555 1752 propterea
1567 1676 1641 1750 quod

326 1783 357 1834 et
380 1775 481 1850 plures
507 1782 537 1832 et
563 1773 701 1832 meliores
723 1774 883 1850 scriptores
893 1773 923 1849 1)
950 1792 966 1832 e
988 1775 1138 1832 contrario
1160 1783 1298 1833 asserunt
1319 1775 1472 1834 Tetricum
1494 1778 1532 1834 ab
1553 1776 1629 1832 Aure

325 1877 407 1934 liano
430 1882 626 1934 correctorem
647 1873 757 1931 factum
779 1891 846 1930 esse
866 1873 1018 1931 Lucaniae
1040 1883 1070 1932 et
1090 1873 1172 1949 quod
1192 1883 1342 1934 corrector
1362 1875 1470 1934 Italiae
1492 1877 1640 1935 universae

325 1993 432 2034 munus
459 1981 523 2032 erat
546 1973 712 2032 inauditum
740 1982 802 2031 tum
828 1981 858 2031 et
883 1983 1038 2048 praeterea
1063 1975 1153 2050 plane
1177 1975 1321 2050 ignotum.
1362 1976 1428 2034 lam
1455 1987 1525 2052 post
1545 1975 1641 2036 Sabini

324 2076 473 2150 Bessique
495 2075 600 2133 titulos
625 2081 758 2151 repertos
781 2073 876 2148 magis
897 2074 1052 2149 probabile
1073 2083 1120 2133 est
1141 2083 1341 2134 correctorem
1361 2077 1446 2136 initio
1469 2077 1640 2154 pertinuisse

326 2179 363 2236 ad
384 2177 503 2234 Italiam
529 2176 714 2246 universam,
741 2181 846 2250 postea
871 2172 989 2232 demum
1016 2174 1112 2232 divisa
1132 2175 1223 2234 Italia
1247 2176 1377 2253 partium
1397 2185 1582 2236 correcturas
1601 2177 1640 2235 in·

326 2280 447 2338 stitutas
472 2294 552 2349 esse,
577 2275 647 2334 illos
668 2283 767 2332 autem
789 2258 951 2350 scriptores
972 2274 1021 2333 vel
1041 2274 1141 2350 potius
1163 2293 1267 2334 eorum
1288 2283 1440 2336 auctorem
1463 2297 1640 2336 communem

324 2379 463 2438 instituto
493 2395 565 2436 suae
596 2376 702 2434 aetatis
734 2375 890 2452 deceptum
920 2393 975 2450 pro
1008 2381 1178 2434 correctura
1206 2376 1313 2434 Italiac
1347 2378 1439 2436 totius
1472 2379 1551 2437 male
1578 2379 1639 2436 sub·

325 2479 460 2539 stituisse
491 2477 622 2553 regionis
652 2475 816 2534 cuiusdam.
865 2475 903 2532 In
932 2475 1036 2552 paucis
1068 2476 1253 2535 documentis
1281 2495 1358 2553 quae
1387 2479 1533 2538 hebemus
1559 2479 1639 2556 perti·

323 2581 461 2640 uentibus
493 2579 532 2636 ad
558 2584 693 2654 tempora
719 2575 818 2636 Taciti
849 2583 879 2634 et
906 2575 1000 2634 Probi
1027 2583 1209 2636 correctores
1238 2577 1334 2637 adbuc
1361 2579 1438 2636 nulli
1465 2587 1639 2656 comparent.

323 2681 494 2758 Imperante
522 2676 601 2737 Caro
628 2678 681 2754 qui
707 2676 876 2736 nominatur
903 2675 982 2752 apud
1004 2675 1156 2734 Victorem
1185 2675 1292 2752 (Caes.
1315 2678 1369 2752 39,
1394 2679 1441 2737 10.
1467 2682 1525 2757 ll)
1555 2681 1639 2756 Iulia

323 2799 380 2841 nus
401 2782 516 2840 Venetos
544 2787 705 2837 conectere
731 2795 817 2852 aperis
843 2785 872 2834 et
900 2777 965 2852 ipse
991 2784 1149 2853 suspectus
1174 2786 1234 2849 est3
1262 2781 1344 2838 venit
1370 2781 1449 2838 enim
1476 2782 1514 2839 ab
1541 2779 1637 2838 eodem

324 2890 458 2952 auctore,
490 2897 579 2955 quem
606 2877 727 2934 Tetrico
758 2895 814 2951 pro
845 2875 937 2938 totius
968 2876 1074 2934 Italiae
1106 2887 1306 2938 correcturum
1333 2879 1487 2938 Lucaniae
1518 2881 1638 2940 vidimus

323 2983 475 3041 tribuisse.
518 2976 632 3037 Contra
655 2977 686 3034 in
712 2977 822 3048 titulis,
848 2976 900 3052 qui
926 2977 964 3035 ad
989 2977 1066 3036 hanc
1093 2986 1219 3038 aetatem
1240 2981 1388 3056 pertinere
1408 2981 1558 3054 videntur,
1578 2999 1638 3040 cum

323 3089 464 3142 corrector
483 3078 591 3137 Italiae
611 3072 827 3153 inveniatur²)‚
849 3078 888 3136 ad
908 3096 935 3135 a.
958 3095 1054 3154 usque
1070 3076 1129 3137 282
1152 3079 1293 3139 universa
1311 3081 1402 3140 ltalia
1423 3083 1480 3141 sub
1500 3101 1559 3141 uno
1580 3099 1637 3139 cor·

322 3191 438 3242 rectore
463 3179 583 3238 mansit.
628 3177 768 3254 Denique
793 3178 882 3237 etiam
910 3179 965 3237 sub
986 3177 1177 3238 Diocletiano
1204 3189 1234 3238 et
1253 3181 1437 3241 Maximiano
1462 3191 1638 3242 correctores

323 3283 429 3342 Italiac
453 3279 644 3339 inveniuntur
672 3297 738 3337 eum
765 3278 798 3336 in
824 3279 969 3355 rescripto
991 3299 1018 3337 a.
1034 3278 1134 3356 290³)
1160 3286 1224 3339 tum
1245 3283 1277 3340 in
1297 3283 1383 3341 titulo
1404 3283 1553 3343 Patavino
1573 3282 1637 3341 anui

321 3381 475 3458 incerti4).
512 3378 630 3454 Quibus
651 3379 782 3438 fortasse
802 3379 962 3456 adiungere
982 3379 1083 3438 licebit
1104 3390 1287 3442 conecterem
1307 3379 1454 3460 uniusque
1471 3385 1577 3444 Italiae
1596 3385 1636 3442 in·

321 3576 422 3626 narium
445 3575 615 3635 iteraverunt,
639 3573 725 3624 nullus
749 3587 777 3622 ae
802 3572 895 3623 obtulit
919 3573 953 3622 ad
980 3573 1008 3622 id
1033 3573 1103 3639 quod
1125 3575 1264 3639 requiritur
1286 3576 1348 3626 satis
1372 3581 1458 3640 aptus,
1489 3593 1547 3626 cum
1568 3589 1635 3640 prae·

321 3667 409 3716 sertim
428 3679 492 3730 qnae
510 3665 538 3713 in
556 3664 631 3713 titulo
649 3665 768 3727 leguntur
785 3678 901 3726 munera,
920 3664 1034 3714 maxime
1051 3665 1202 3715 correctoris
1214 3665 1307 3717 Italiae
1319 3667 1405 3730 totius,
1424 3683 1478 3718 non
1491 3668 1636 3718 conveniant

320 3757 371 3806 nisi
390 3756 468 3806 aetati
484 3755 649 3804 Diocletiano
668 3753 800 3804 anteriori.

398 3845 422 3907 1)
449 3826 541 3896 v'ictor
560 3844 634 3895 oses.
654 3845 698 3906 es,
712 3844 736 3894 s.
763 3845 870 3908 uurrop.
890 3845 916 3906 e,
932 3845 975 3894 13.
1007 3845 1225 3896 vicinaremur
1244 3848 1324 3898 aas.

397 3932 422 3996 ²)
451 3933 525 3986 Grut.
539 3935 629 3996 387,5
649 3933 693 3996 (ci.
712 3949 819 3985 memor.
838 3935 897 3984 inst.
918 3937 943 3996 2,
957 3933 1037 3997 303):
1063 3970 1085 3986 ..
1096 3971 1121 3986 ..
1140 3935 1376 4004 relipiosissimoque
1397 3935 1425 3988 C.
1448 3935 1548 3988 Ceionio
1566 3937 1633 4002 Rufio

325 4023 461 4078 Volusiano
480 4041 504 4075 a.
524 4041 559 4086 a,
584 4011 652 4076 oorrss
670 4023 765 4076 Italiae
782 4040 832 4092 per
855 4013 935 4076 annos
953 4032 1022 4086 ecto,
1041 4027 1191 4092 proconsuli
1209 4015 1330 4093 Africeej
1348 4029 1433 4080 comiti
1449 4027 1544 4078 domini
1560 4019 1635 4078 nostri

323 4107 481 4169 Constantini
499 4151 556 4179 ...,
575 4112 707 4182 praefecto
724 4114 783 4166 arti
805 4115 840 4176 (a.
854 4117 930 4178 310),
953 4115 1035 4166 iudici
1051 4133 1181 4167 samaram
1199 4119 1377 4184 coquinarum,
1404 4119 1502 4170 conauli
1519 4119 1552 4181 (a.
1566 4117 1633 4179 311).

319 4209 461 4260 Dedicatus
485 4213 523 4257 est
547 4207 636 4256 titulus
659 4213 795 4271 antequam
817 4207 1004 4270 praefecturam
1027 4208 1097 4257 urbis
1118 4209 1220 4259 iteravit
1238 4210 1330 4260 11313
1349 4217 1375 4259 et
1393 4211 1552 4260 consulatum
1570 4208 1632 4258 ordi·

319 4301 421 4366 narium
439 4297 538 4362 accepit
555 4312 579 4347 a.
594 4298 655 4348 314.
694 4296 861 4348 correcturae
884 4303 983 4362 tempus
1007 4295 1097 4348 definit
1119 4300 1207 4348 titulus
1228 4301 1294 4349 alter
1310 4299 1467 4350 Puteolanus
1485 4301 1507 4350 1.
1520 4299 1554 4350 N.
1568 4299 1632 4349 249⁷

320 4409 354 4432 =
367 4391 475 4440 Henzen
488 4389 572 4440 6431:
589 4387 732 4453 fortissimo
756 4394 780 4436 et
791 4388 908 4454 piissimo
922 4389 1040 4455 principi
1056 4403 1101 4438 sao
1120 4387 1158 4439 M.
1178 4389 1283 4440 Aurelio
1305 4387 1397 4440 Carino
1417 4390 1504 4457 Rufius
1521 4388 1631 4441 Volusia-

319 4496 366 4530 nus
383 4463 408 4530 υ.
420 4496 462 4542 a,
484 4495 567 4530 eorum
584 4477 680 4528 iudicio
699 4476 865 4540 nouissimus,
885 4479 973 4528 iterum
991 4485 1128 4542 comeciam
1152 4494 1212 4529 nam
1232 4479 1347 4530 eiusdem
1365 4481 1414 4530 riri
1432 4489 1564 4548 utrumque
1581 4494 1632 4530 csse

319 4571 458 4620 admodum
476 4570 608 4636 probabile
622 4575 668 4619 est.
699 4569 791 4620 Obstat
809 4571 899 4620 tertius
917 4557 1004 4620 titulus
1022 4571 1190 4621 11163281
1208 4569 1294 4637 Raffio
1312 4568 1447 4622 Volusiano
1466 4589 1490 4622 c.
1505 4587 1527 4622 c.
1540 4585 1630 4622 correc-

320 4661 371 4710 tori
390 4657 553 4726 Campaniam
574 4667 601 4710 at
618 4660 661 4710 bic
679 4661 712 4710 de
729 4659 927 4726 interpolatione
945 4661 986 4710 vel
1004 4661 1117 4711 maxime
1135 4667 1266 4725 suspectus
1285 4668 1388 4712 estnec
1406 4677 1461 4712 rem
1478 4662 1580 4713 decidit.

395 4735 421 4810 ³)
448 4749 478 4800 (l.
497 4751 560 4798 Iust.
580 4751 605 4820 i,
621 4750 699 4812 35‚3
723 4751 846 4816 inscripta
866 4747 987 4800 Numidia
1012 4751 1151 4801 correctori
1166 4749 1269 4802 Italiae.
1307 4751 1383 4814 Quod
1405 4755 1468 4803 olim
1490 4752 1630 4802 tenebamus

319 4839 423 4888 Italiam
441 4838 484 4888 hic
502 4838 677 4902 accipiendam
695 4855 750 4891 esse
769 4855 800 4892 ea
817 4841 1013 4906 significatione,
1033 4856 1098 4906 quae
1117 4848 1207 4906 quarto
1226 4845 1329 4894 saeculo
1347 4843 1482 4908 aliquoties
1499 4843 1629 4902 invenitur,

320 4942 412 4992 nempe
434 4927 466 4977 de
487 4928 543 4978 sola
558 4929 673 5006 ¹dioecesi
691 4931 781 4980 vicarii
798 4933 902 4994 Italiae,
921 4939 980 4998 post
997 4939 1125 4997 repertum
1143 4933 1244 4982 titulum
1261 4933 1337 4984 Bassi
1355 4940 1381 4984 et
1399 4935 1527 5000 expletum
1545 4931 1630 4987 Sabini

320 5019 365 5067 vix
382 5018 431 5067 erit
448 5019 492 5082 qui
510 5017 638 5068 defendat.

395 5103 420 5169 ⁴)
446 5109 480 5169 V,
496 5109 565 5158 2817
580 5127 614 5150 ==
633 5109 706 5162 Grut.
720 5113 781 5173 279,
796 5113 826 5163 4:
853 5111 947 5162 Paetus
964 5107 1112 5163 Honoratus
1131 5130 1155 5162 o.
1176 5111 1221 5177 [a]
1241 5121 1367 5165 corrector
1384 5113 1510 5180 Italilael.
1545 5111 1627 5166 Lectio

320 5197 403 5247 minus
422 5203 492 5250 certa
510 5205 548 5250 est
566 5199 671 5266 fierique
690 5187 782 5266 potest,
802 5207 830 5251 ut
847 5209 906 5268 post
925 5185 1021 5252 11111.
1034 5233 1041 5251 .
1055 5233 1063 5252 .
1077 5205 1170 5270 Ι11111111
1189 5205 1289 5259 litterae
1308 5205 1400 5258 desint.
