3620 6080
400 627 473 700 130
999 633 1144 688 coenan

400 729 1695 758 ...--.----—-—-—----—---·--·-—-—

402 837 464 877 non
478 834 570 894 posse
592 819 726 891 apparet,
748 811 860 888 quippe
881 827 970 886 quem
991 814 1021 865 et
1035 805 1152 865 Plinius
1172 805 1252 865 idem
1275 799 1407 878 (7,140)
1431 805 1560 878 optinum
1580 811 1698 861 6161666

402 927 489 978 vocet
509 929 539 975 et
559 916 653 974 161666
674 913 726 970 6111
747 919 903 969 testentur.
944 907 1093 966 dedicavit
1112 907 1204 983 igitur
1226 904 1304 980 Opis
1326 903 1457 978 opiferae
1478 901 1578 974 aedem
1595 901 1627 960 L.
1646 903 1697 961 Me·

402 1020 494 1078 tellus
521 1017 611 1088 alter,
640 1032 729 1090 quem
749 1011 894 1070 Bardtius
921 1007 965 1084 (p.
988 1008 1005 1065 7
1029 1006 1069 1081 s.)
1095 1007 1174 1064 inter
1201 1022 1296 1063 annos
1324 1004 1381 1062 631
1409 1012 1439 1061 61
1468 1002 1526 1060 640
1551 1002 1697 1078 pontificem

403 1120 569 1180 maximum
588 1116 699 1174 factum
721 1129 788 1171 esse
814 1119 844 1169 et
864 1109 1032 1168 decessisse
1053 1106 1132 1164 circa
1153 1125 1180 1164 a.
1204 1105 1265 1165 654
1287 1104 1511 1163 demonstravit.
1552 1113 1644 1160 notum
1663 1116 1699 1162 est

405 1220 531 1279 eundem
547 1215 683 1276 Castoris
706 1213 808 1272 sedem
831 1212 869 1269 ad
882 1210 980 1268 forum
1001 1208 1038 1266 66
1053 1207 1191 1265 manibiis
1207 1205 1383 1264 Dalmaticis
1406 1203 1605 1279 (triumphavit
1619 1215 1698 1262 auten

406 1323 441 1380 de
454 1321 611 1378 Delmoteis
626 1334 652 1373 a.
669 1313 742 1388 637)
766 1312 908 1370 reiectam
930 1308 1087 1367 dedicasse
1110 1305 1187 1382 (Cic.
1202 1307 1232 1364 in
1248 1305 1335 1365 Verr.
1353 1307 1380 1378 1,
1397 1303 1447 1375 59,
1471 1304 1528 1362 164
1542 1321 1593 1378 pro
1606 1300 1699 1362 Scauro

406 1421 446 1479 46
468 1438 534 1478 cum
557 1415 680 1475 scholiis
702 1412 850 1488 Asconii).
883 1427 1030 1485 quaeres
1051 1409 1153 1466 nescio
1176 1426 1214 1464 an
1236 1407 1362 1464 alicuius
1381 1404 1524 1463 momenti
1544 1421 1605 1462 esse
1623 1405 1700 1478 possit

364 1569 367 1576 .
406 1521 445 1580 ad
466 1513 666 1595 indagandam
681 1513 823 1590 Opiterae
845 1509 928 1568 aedis
950 1510 988 1567 ab
1010 1509 1115 1566 eodem
1137 1527 1156 1565 a
1177 1507 1253 1580 solo,
1275 1515 1309 1565 ut
1322 1505 1499 1582 putaverim,
1520 1504 1699 1563 factaeseden

405 1619 614 1697 indagandam.
659 1620 777 1672 constat
797 1611 940 1669 Iuturnae
966 1609 1225 1687 nympharumque
1247 1613 1348 1684 partes
1370 1605 1515 1682 quasdam
1543 1623 1605 1664 esse
1622 1605 1649 1662 in
1665 1605 1700 1662 iu·

406 1720 504 1780 vando
536 1713 693 1775 mulierum
719 1719 808 1789 partu
838 1711 1051 1785 Iuturnamque
1084 1729 1102 1766 a
1127 1709 1263 1768 Varrone
1295 1726 1313 1764 a
1338 1707 1471 1766 iuvando
1498 1723 1598 1782 aegros
1621 1705 1700 1780 putari

408 1823 532 1880 dictam:
555 1818 654 1876 lacum
673 1821 773 1872 autern
785 1813 925 1870 Iuturnae
945 1810 1035 1868 huius
1050 1809 1182 1884 opiferae
1204 1815 1237 1866 ut
1251 1808 1294 1866 its
1308 1808 1405 1865 dicam
1421 1825 1508 1864 nemo
1522 1807 1610 1864 nescit
1626 1805 1701 1863 fuisse

407 1930 477 2000 post
498 1918 602 1979 aedem
617 1914 764 1985 Castoris,
787 1919 819 1969 ut
844 1911 930 1968 facile
956 1909 1024 1985 quis
1046 1910 1158 1968 dixerit
1178 1909 1333 1968 Metellum
1358 1914 1431 1984 post
1452 1927 1478 1965 a.
1502 1906 1559 1964 637
1580 1926 1632 1964 666
1649 1925 1700 1964 666

406 2024 464 2082 hac
485 2019 558 2080 aede
579 2015 733 2075 dedicasse
754 2012 858 2071 aedem
885 2010 943 2085 Opi
963 2007 1142 2085 opifer(ae)l
1168 2010 1221 2084 [ad
1242 2011 1334 2067 lacuna
1354 2007 1508 2082 Iuturnae]
1529 2007 1576 2065 vel
1593 2006 1701 2080 [Dictat-

407 2122 485 2196 nae],
508 2136 584 2196 quae
602 2117 695 2174 verba
716 2113 827 2190 optime
849 2111 1028 2170 conveniunt
1048 2127 1204 2169 mensurae
1225 2109 1320 2185 partis
1341 2108 1452 2186 lapidis
1468 2107 1634 2184 deperditae.
1662 2106 1702 2164 sed
1738 2125 1741 2133 ·

408 2223 448 2282 ad
469 2219 597 2281 certiora
616 2232 718 2292 pergo.

493 2319 586 2381 Sacro
614 2314 757 2392 Opiferae
789 2331 865 2389 quae
896 2312 1114 2388 praecedebant
1139 2310 1300 2369 Henzenus
1328 2319 1358 2368 et
1384 2309 1587 2367 Mommsenus
1610 2307 1703 2383 egregie

409 2426 452 2484 sic
464 2404 677 2480 restituerunt:
699 2414 824 2473 Volcano
843 2412 849 2490 Ι
868 2413 911 2488 [in
932 2417 1008 2471 circo
1025 2411 1208 2486 1116616616),
1228 2411 1369 2468 Iuturnae
1383 2421 1410 2468 ct
1422 2409 1564 2486 66166616
1578 2413 1607 2466 in
1618 2426 1703 2483 canpe.

409 2526 446 2584 66
467 2520 665 2600 nympharum
691 2533 777 2574 sacro
804 2533 866 2573 non
894 2513 1061 2583 constabat,
1093 2513 1250 2569 constabat
1276 2511 1313 2569 de
1334 2509 1471 2569 Volcano
1496 2511 1631 2568 fastorum
1648 2508 1704 2565 Val-

408 2624 539 2684 lensium
566 2617 751 2676 testimoni0:
781 2615 905 2674 Volcano
931 2617 962 2670 in
990 2617 1065 2672 circo
1089 2613 1247 2670 Flaminio.
1290 2611 1426 2670 meminit
1452 2611 1539 2670 huius
1559 2610 1649 2685 templi
1665 2607 1703 2666 Ii-

409 2726 475 2784 rius
498 2739 564 2779 cum
585 2719 663 2775 inter
683 2715 823 2792 prodigia
841 2733 868 2772 a.
885 2714 944 2772 538
966 2713 1082 2771 rettulit
1103 2711 1236 2788 (2410)
1259 2721 1337 2770 16616
1359 2713 1393 2770 de
1414 2712 1495 2771 caelo
1518 2715 1615 2770 atrium
1630 2710 1704 2786 publi·

410 2844 471 2884 curn
497 2825 527 2878 in
558 2817 712 2892 Capitolio,
740 2816 837 2872 aedem
868 2817 898 2871 in
930 2832 1028 2889 cumpo
1059 2813 1188 2872 Vulcani.
1231 2812 1263 2869 in
1294 2813 1424 2870 confinio
1458 2813 1548 2889 igitur
1575 2811 1659 2888 campi
1684 2817 1704 2866 et
1771 2789 1772 2804 .

409 2921 553 2982 Flaminii
574 2916 644 2974 circi
662 2915 765 2972 aedem
780 2915 910 2990 positam
926 2913 1018 2972 fuisse
1032 2913 1160 2972 coniecit
1173 2914 1341 2972 Mommsen
1355 2913 1433 2987 Eph.
1450 2915 1476 2986 1,
1494 2914 1540 2972 36.
1571 2912 1704 2980 Rectene,

410 3024 462 3099 qui
476 3019 557 3078 Livii
570 3016 670 3076 verbis
684 3032 758 3074 usus
773 3023 819 3072 est
836 3033 866 3090 p.
883 3012 953 3086 287,
975 3023 1081 3090 666166
1099 3033 1129 3090 p.
1146 3012 1207 3072 620
1228 3032 1330 3071 eoram
1350 3015 1508 3074 immemor
1527 3014 1593 3072 fuit:
1613 3011 1706 3089 negavit

383 3119 386 3126 ’
409 3124 489 3182 euim
498 3117 609 3178 iniuria
621 3115 724 3175 aedem
740 3115 865 3172 in'circo
876 3113 1027 3172 Flaminio
1041 3123 1161 3190 praeter
1174 3114 1376 3190 hemerologia
1388 3115 1558 3173 memorari.
1577 3122 1606 3173 61
1617 3128 1706 3181 omnes,
1770 3129 1771 3134 ¹

408 3224 470 3282 nisi
489 3219 588 3291 fallor,
615 3216 702 3274 obliti
727 3224 797 3274 sunt
818 3213 984 3287 Ciceronis,
1010 3215 1062 3292 qui
1089 3215 1120 3272 in
1141 3212 1278 3272 Verrinis
1304 3215 1412 3273 16666
1433 3216 1551 3274 nemine
1577 3233 1631 3274 nou
1647 3215 1705 3271 lecto

410 3323 440 3395 2,
464 3322 514 3391 61,
538 3319 595 3377 151
626 3318 704 3394 quid,
725 3317 833 3392 inquit,
860 3325 972 3374 statuae
993 3326 1133 3392 equestres
1154 3319 1307 3374 inauratae
1328 3315 1435 3387 uolunt,
1465 3336 1538 3392 quac
1554 3316 1647 3393 66666
1663 3314 1706 3371 llo-

409 3425 488 3482 nani
519 3420 615 3478 666166
647 3421 811 3492 animaeque
842 3421 961 3475 1666166
987 3417 1132 3492 offendunt
1160 3413 1279 3492 psopter
1305 3419 1402 3474 aedem
1429 3417 1568 3476 Vulcani?
1598 3436 1655 3474 nan
1674 3419 1705 3471 in·

410 3528 546 3598 scripturn
567 3537 626 3578 ecee
647 3519 727 3576 uideo
750 3519 896 3593 quandam
915 3537 948 3575 66
963 3518 1008 3575 la's
1023 3527 1146 3576 statuam
1161 3527 1291 3575 aratores
1305 3518 1416 3574 dedisse
1437 3527 1469 3576 et
1490 3513 1704 3587 66166669,167
1769 3571 1770 3592 ἦ

408 3623 497 3684 Verri
516 3620 590 3678 dicit
610 3637 671 3677 nen
691 3635 783 3695 posse
805 3617 894 3675 fidem
915 3618 1020 3676 haberi
1035 3615 1203 3676 Siculorum
1226 3635 1257 3676 se
1277 3625 1466 3676 contemnere
1487 3617 1705 3678 existimationem
1769 3595 1770 3604 ¹

409 3721 589 3785 autumanti:
623 3723 749 3795 eripiant
780 3722 852 3776 cnitn
879 3719 930 3775 tibi
960 3721 1046 3776 istam
1071 3723 1225 3778 orationem
1252 3760 1259 3776 .
1284 3761 1290 3776 .
1315 3760 1322 3775 .
1349 3727 1462 3778 statuae
1490 3719 1558 3778 illae
1584 3726 1706 3795 66161116,

411 3843 484 3901 6666
508 3832 538 3880 16
549 3822 640 3897 66616
663 3829 728 3877 ante
742 3837 827 3894 quam
849 3821 891 3876 ad
910 3819 1006 3877 urbem
1027 3823 1137 3878 uenires
1155 3823 1228 3894 poni
1248 3819 1420 3894 inscribique
1436 3823 1556 3893 iussisti,
1570 3821 1706 3878 utonniun

410 3929 571 4000 iniquorum
604 3930 716 3978 tucrum
748 3923 858 3977 animos
891 3927 1142 3996 accusatorumque
1174 3923 1316 3979 tardares.
1365 3921 1417 3996 qui
1455 3921 1544 3980 huius
1575 3915 1707 3978 testimonii

409 4025 554 4083 rationem
580 4021 693 4079 nullam
721 4021 891 4078 habuerunt
915 4020 1016 4077 nescio
1043 4021 1095 4078 uhi
1121 4029 1236 4080 statuas
1264 4012 1334 4080 11166
1356 4021 1460 4098 666611
1481 4003 1608 4080 Romani
1626 4017 1706 4078 oculos

409 4124 569 4185 offendisse
590 4121 782 4180 crediderint:
809 4138 847 4176 an
864 4118 1031 4196 Syracusis,
1053 4121 1104 4178 ubi
1126 4115 1164 4179 rie
1186 4129 1304 4181 constat
1325 4122 1444 4197 quidem
1464 4115 1616 4198 Ἡφαίστου
1635 4119 1707 4177 tuisse

409 4226 513 4286 aedem
540 4223 581 4299 (v.
603 4221 708 4292 Holm,
739 4219 904 4280 Geschicltte
926 4221 1058 4280 Siciliane
1084 4223 1098 4278 1
1122 4243 1151 4298 p.
1169 4222 1262 4298 395st
1294 4240 1350 4299 ego
1377 4223 1425 4280 his
1452 4222 1623 4282 testimoniis
1646 4235 1706 4276 666·

408 4325 532 4404 probari
559 4322 660 4394 video,
694 4319 849 4380 Ciceronis
881 4331 1014 4398 tempore
1041 4322 1156 4381 Romae
1185 4323 1288 4381 aedem
1320 4323 1460 4382 extitisse
1487 4323 1612 4382 Vulcani
1638 4335 1706 4377 unam

410 4428 517 4497 solam,
546 4424 659 4482 factam
685 4430 754 4480 6616
780 4441 807 4479 6.
831 4422 891 4481 633
919 4425 949 4480 in
970 4441 1069 4498 campo
1092 4425 1207 4482 sivein
1228 4428 1302 4482 circo
1323 4423 1483 4496 Flaminio,
1506 4425 1615 4482 nnllam
1633 4419 1706 4478 luisse
1767 4467 1768 4478 .

408 4529 440 4584 16
461 4545 532 4584 area
551 4523 681 4582 Volcani
708 4522 746 4579 ad
773 4523 935 4596 comitium,
961 4523 994 4580 id
1020 4525 1099 4600 quod
1124 4525 1291 4583 rectissime
1319 4525 1423 4582 statuit
1442 4511 1594 4583 Beckerus
1613 4541 1639 4598 p.
1653 4517 1704 4578 tat.

408 4625 565 4684 Plutarchi
590 4625 669 4683 enim
691 4624 869 4682 auctoritate
891 4625 966 4683 mire
986 4625 1099 4684 abusus
1122 4632 1168 4682 est
1190 4625 1393 4697 Detlefsenus,
1422 4601 1705 4684 66616661666616

408 4723 684 4784 1161666611166166
706 4731 864 4800 61666166
885 4725 1021 4784 66616166
1043 4726 1221 4785 mentionem
1241 4725 1341 4784 ‘facere
1364 4727 1421 4785 sibi
1441 4725 1590 4805 persuasit
1606 4717 1706 4799 (Annali
1766 4785 1767 4788 Ἴ

413 4823 493 4882 1860
514 4844 544 4900 p.
560 4825 644 4900 149).
680 4824 819 4884 nimirum
835 4825 1053 4900 Quaestionum
1074 4811 1704 4904 16647111666666116611166161661ξ6
1766 4811 1767 4830 ’

410 4915 521 4982 πόλεως
552 4925 654 4983 aedem
693 4925 829 4985 Volcano
867 4927 985 4986 fecerit:
1017 4935 1117 4986 utrum
1152 4938 1312 5003 propterea
1348 4929 1428 5004 quod
1464 4929 1529 5007 ipse
1553 4925 1650 4987 Martis
1678 4935 1705 4976 ex

409 5021 527 5096 Venere
553 5023 633 5082 filius
661 5025 747 5084 illum
772 5017 899 5086 σύνοικον
926 5035 956 5086 61
971 5012 1114 5096 ’ὁμόπολιν
1139 5028 1238 5086 facere
1264 5029 1403 5102 noluerit,
1432 5049 1469 5089 66
1497 5029 1574 5105 quod
1598 5025 1636 5084 ibi
1654 5035 1704 5079 cunt

411 5121 501 5181 Tatio
529 5131 559 5182 et
588 5135 693 5183 senatu
719 5127 820 5186 statim
848 5129 886 5187 ab
913 5127 998 5187 initio
1029 5129 1096 5187 loeo
1123 5129 1161 5186 ab
1182 5128 1256 5188 urbe
1285 5141 1400 5190 secreto
1427 5129 1579 5190 commode
1609 5118 1705 5184 consul·

408 5233 473 5284 tare
494 5241 586 5301 posse
606 5225 773 5299 crediderit,
799 5247 838 5287 au
859 5230 939 5304 quod
961 5230 1050 5288 deum
1074 5229 1278 5288 Incendiorum
1309 5233 1347 5290 ab
1371 5232 1442 5291 urbe
1464 5249 1562 5290 arcere
1582 5214 1703 5286 voluerit?
