3546 6072
386 523 461 598 294
582 507 585 512 ¹
890 487 893 494 Ι
957 537 1139 592 mommsen

386 719 524 778 ordinata
544 713 639 792 accipi
660 729 752 800 posse
772 728 859 789 nego,
881 728 1017 787 quaeque
1038 709 1079 768 ibi
1101 709 1230 788 legimus'
1251 671 1429 786 quamquam
1449 705 1540 786 primo
1558 714 1678 792 adspectu

386 819 551 889 offendunt,
572 815 662 876 rebus
685 822 822 874 accurate
843 812 986 888 expensis
1007 818 1086 870 recte
1100 811 1190 888 plens
1212 828 1245 870 se
1260 811 1377 870 habent.
1412 809 1489 872 Nam
1509 809 1679 891 quod‘adhuc
1747 807 1748 886 3

386 920 566 980 credidimus
591 925 679 978 sexto
707 914 827 976 saeculo
853 913 952 974 nullas
980 913 1125 972 civitates·
1140 911 1274 972 Graecas
1295 895 1438 974 Romanis
1459 915 1623 990 stipendium
1639 937 1679 994 pe-

387 1023 538 1102 pendisse,
564 1019 595 1078 id
620 1025 735 1078 tautum
762 1017 857 1089 abest,
882 1023 915 1074 ut
943 1015 1065 1090 probari
1089 1015 1197 1092 possit,
1218 1019 1252 1073 nt
1271 1013 1400 1092 fortasse
1419 1015 1506 1074 etiam
1525 1019 1680 1078 contrarium

386 1125 485 1205 possit
510 1119 715 1182 demonstrari.
758 1113 838 1178 Nam
870 1117 902 1175 in
927 1115 1063 1174 Isthmiis
1091 1115 1154 1173 illis
1183 1113 1372 1176 Flamininus
1403 1117 1679 1194 plerosque-quidem
1747 1115 1748 1198 3

386 1223 536 1288 Graeciae
555 1219 683 1300 populos
703 1219 815 1278 liberos
836 1229 867 1278 et
887 1219 1033 1278 immunes
1055 1218 1119 1276 suis
1139 1215 1255 1293 legibus
1277 1233 1387 1276 usuros
1408 1235 1473 1277 esse
1492 1219 1680 1295 pronuntiavit

276 1381 279 1388 ,
386 1336 419 1387 at
438 1345 510 1385 num
524 1324 582 1383 hoc
603 1322 691 1382 etiam
706 1321 745 1380 cd
758 1320 891 1378 Boeotos
905 1319 1083 1395 pervenerit,
1104 1307 1266 1378 admodum
1280 1318 1403 1377 dubium
1424 1328 1478 1378 est.
1510 1317 1582 1378 Nam
1597 1305 1680 1397 paullo

385 1435 456 1488 ante
476 1445 545 1486 cum
565 1423 656 1508 iidem
677 1439 733 1482 nec
753 1439 809 1498 pro
830 1421 999 1498 quingentis
1020 1419 1163 1478 militibus
1185 1417 1329 1478 Romanis
1350 1421 1383 1478 in
1404 1419 1526 1480 Boeotia
1543 1421 1680 1481 interiectis

384 1529 557 1607 tmpositsm
586 1525 644 1584 sibi
669 1523 793 1584 multam
815 1521 1043 1598 quingentorum
1071 1521 1250 1580 talentorum
1272 1521 1423 1580 solverent
1447 1539 1500 1580 nec
1519 1523 1615 1580 noxios
1625 1531 1680 1607 tra·

385 1631 500 1703 dorent,
520 1629 587 1705 ipse
608 1642 661 1686 eos
681 1624 761 1684 bello
782 1640 945 1702 aggressus
966 1631 1012 1680 est
1030 1609 1214 1700 vastatisque
1235 1623 1369 1699 agriset
1381 1621 1520 1682 Coronea
1537 1634 1681 1701 oppugnata

385 1749 454 1793 cum
470 1728 590 1789 tandem
612 1728 640 1787 ei
662 1743 695 1785 se
713 1725 931 1802 permisissent,
952 1727 1041 1782 iussis
1062 1724 1176 1791 tradere
1196 1727 1297 1783 coctos
1318 1733 1345 1784 ct
1364 1726 1469 1784 multoe
1488 1727 1589 1783 comice
1602 1725 1683 1782 XXX

384 1833 510 1909 conferre
530 1815 718 1906 tatmto'pas
738 1829 810 1886 dcto
821 1835 857 1890 ‚et
878 1826 915 1884 cb
932 1828 1143 1902 oppugnatione
1162 1843 1301 1884 recessum
1315 1823 1398 1900 (Lis.
1414 1827 1464 1899 33,
1478 1824 1541 1902 tt).
1569 1825 1682 1902 Triginta

384 1931 496 1994 talenta
515 1939 586 2010 post
605 1929 717 1989 bellum
739 1934 846 1987 exacte
865 1945 932 1986 esse
946 1927 1057 1984 multae
1077 1927 1196 1985 nomine
1216 1927 1270 1985 vix
1292 1927 1373 1987 credi
1388 1933 1496 2004 potest,
1517 1945 1579 1985 cum
1597 1925 1680 1986 eodem

383 2033 504 2095 nominc
518 2038 594 2092 ‘ante
607 2031 721 2090 bellum
735 2029 899 2108 quingente
911 2028 1153 2105 postularentur3
1174 2028 1267 2086 immo
1283 2027 1428 2087 tributum
1443 2047 1567 2087 annuum
1579 2027 1627 2086 hoc
1637 2027 1682 2086 luit

326 2193 329 2198 .
382 2133 506 2196 Boeotis
526 2151 563 2192 eo
581 2140 715 2208 tempore
735 2131 908 2209 impositum
928 2129 960 2188 id
980 2129 1091 2205 ipsum,
1113 2129 1198 2188 cuius
1220 2129 1355 2188 meminit
1377 2123 1682 2204 senatusconsultum),

382 2237 560 2313 videturque
590 2232 640 2292 hic
673 2249 792 2310 quoqne
822 2227 929 2290 Livius
961 2229 1132 2308 Polybiane
1161 2231 1240 2289 male
1269 2231 1452 2307 corrupisse.
1503 2227 1585 2304 Quod
1606 2229 1628 2288 si
1653 2229 1682 2286 ab

383 2355 411 2398 a.
432 2336 503 2396 inde
516 2334 584 2395 bid
611 2335 643 2393 in
668 2331 812 2393 uniuersa
833 2329 962 2392 Graecis
981 2331 1089 2390 Boeoti
1117 2331 1175 2390 soli
1195 2337 1249 2390 aut
1268 2331 1331 2390 fere
1353 2333 1415 2391 soli
1435 2325 1572 2392 Romanis
1592 2331 1681 2408 stipen-

382 2439 471 2499 diarii
491 2445 590 2510 erant,
616 2436 677 2495 iam
702 2441 797 2512 patet,
824 2451 878 2493 cnr
902 2433 1081 2509 quicumque
1106 2433 1211 2492 hostes
1231 2431 1379 2493 Romanis
1406 2433 1576 2506 existerent,
1601 2433 1681 2490 socios

381 2539 516 2614 Boeotos
545 2555 578 2598 se
609 2536 764 2596 habituros
794 2551 863 2596 csse
891 2533 1074 2594 confiderent
1099 2543 1131 2594 et
1159 2534 1333 2612 plerumque
1361 2535 1517 2608 habereut3
1547 2541 1578 2593 ut
1604 2533 1683 2592 euenit

368 2643 414 2702 1in
440 2641 521 2702 bello
541 2637 725 2699 Antiochino
751 2636 833 2713 (Liv.
857 2635 907 2708 35,
929 2635 978 2694 47.
1001 2634 1052 2708 36,
1074 2635 1103 2695 6.
1127 2634 1175 2694 20.
1202 2634 1311 2712 Polyb.
1335 2634 1386 2709 20,
1412 2637 1441 2710 t,
1464 2635 1497 2712 3)
1521 2636 1637 2712 itemque
1657 2634 1681 2691 in

380 2739 516 2812 Persico,
536 2749 570 2800 ut
589 2757 683 2816 snpra
696 2736 835 2796 vidimus.
853 2768 894 2781 —
916 2734 1103 2814 Stipendium
1124 2743 1224 2796 autem
1237 2737 1414 2824 impositum
1436 2754 1503 2798 csse
1518 2737 1683 2816 populisuon

331 2919 334 2926 Ι
381 2841 472 2902 simul
491 2842 524 2901 in
544 2839 715 2917 provinciae
740 2838 867 2896 formam
893 2837 1023 2897 redactis
1044 2843 1160 2896 tentum
1181 2839 1280 2911 abest,
1307 2845 1341 2896 ut
1361 2838 1515 2898 offendere
1536 2817 1637 2911 debeat,
1658 2842 1682 2894 nt

379 2943 535 3020 idipsum
560 2940 663 3018 pauno
691 2947 762 3015 post
786 2937 818 2996 n
843 2937 966 3016 ruyrus
994 2937 1075 3015 (niv.
1098 2938 1148 3012 45,
1171 2937 1225 3016 so)
1250 2945 1280 2998 et
1305 2941 1337 3002 ιι
1357 2940 1536 3000 daemonis
1554 2938 1626 3018 (etv.
1639 2925 1682 3010 tt,

380 3043 435 3120 29)
457 3045 528 3102 item
549 3042 662 3101 factum
685 3031 732 3099 sit.
835 3104 837 3108 ,
1010 3023 1017 3048 ”
1220 3022 1222 3028 ’
1469 3032 1471 3037 ’
1601 3027 1602 3032 ’

331 3125 333 3132 “
371 3127 386 3172 ’·
439 3179 443 3188 ·
463 3141 571 3219 Capite
592 3149 700 3219 quarto
723 3139 765 3217 (v.
782 3139 920 3219 27-31)
942 3141 1042 3220 egitur
1063 3142 1100 3200 de
1121 3135 1301 3202 moenibus.'
1319 3141 1436 3220 Oppidi
1450 3143 1565 3204 moenia
1583 3146 1681 3202 senatus

379 3247 463 3306 iubet
488 3244 582 3315 dirui,
609 3252 643 3302 ut
667 3225 777 3320 postes
800 3241 962 3302 Mummius
995 3243 1174 3320 oppidorum
1201 3262 1278 3320 quac
1299 3243 1448 3306 Romanis
1471 3247 1501 3304 vi
1525 3243 1681 3304 restitissent

378 3347 511 3407 omnium
533 3345 653 3406 moenia
677 3343 769 3404 diruit
790 3343 935 3419 (Paussn.
958 3341 987 3418 2,
1012 3346 1039 3416 1,
1062 3343 1090 3403 2.
1113 3346 1143 3417 7,
1167 3347 1215 3418 16,
1238 3345 1288 3422 9);
1313 3365 1414 3406 arcem
1435 3345 1525 3406 tradit
1545 3324 1680 3405 Thisbceis

378 3449 417 3508 iis
438 3448 490 3525 qui
512 3445 551 3504 ad
571 3446 727 3506 Romanos
748 3445 990 3524 transfugissent,
1016 3453 1050 3504 ut
1076 3445 1134 3504 soli
1155 3445 1197 3504 ibi
1218 3445 1386 3517 habitarent
1408 3467 1532 3525 eamque
1551 3445 1680 3506 moenibus

379 3547 607 3608 circumdarent.
639 3545 688 3605 De
703 3565 822 3606 summa
839 3565 872 3614 re
886 3553 1015 3618 constet,
1036 3528 1220 3623 quamquam¹
1233 3549 1325 3607 verba
1345 3548 1491 3626 impedita
1505 3533 1571 3609 suut
1582 3553 1681 3624 propter

378 3651 493 3708 hiatum
520 3667 549 3708 v.
576 3647 615 3706 27
644 3665 706 3706 non
732 3647 806 3706 satis
832 3655 914 3706 certe
938 3647 1055 3706 ratione
1081 3648 1272 3725 expleudum.
1295 3683 1334 3694 -
1356 3649 1492 3710 Adnotat
1511 3669 1540 3726 p.
1561 3649 1595 3708 41
1608 3629 1681 3705 Bou·

376 3757 477 3809 cartus
494 3749 629 3808 locorum
651 3766 762 3826 gnarus
776 3748 896 3806 moenis
916 3749 995 3808 arcis
1015 3748 1111 3806 adhuc
1126 3749 1347 3809 evidentissime
1368 3753 1452 3810 cerni
1472 3753 1504 3811 iu
1520 3751 1592 3810 colle
1609 3764 1680 3823 super

187 3891 189 3898 ·
265 3907 268 3912 ,
376 3850 496 3910 Kakosi
520 3851 619 3908 vicum
641 3849 846 3908 Dombrensm
872 3867 978 3908 versus
1004 3849 1086 3908 facta
1112 3869 1150 3908 ex
1179 3851 1261 3910 sexis
1281 3852 1437 3928 quadratis
1465 3853 1529 3911 sine
1552 3854 1679 3910 caemento

376 3951 547 4010 commissis
573 3941 603 4009 et
629 3951 762 4010 turribus
789 3950 860 4008 olim
888 3951 1012 4019 munita.
1059 3950 1148 4010 Idem.
1170 3971 1209 4010 ex
1236 3953 1294 4011 hoc
1322 3954 1499 4012 documento
1524 3951 1634 4030 collegit
1653 3965 1679 4005 ec

349 4099 351 4103 ,
375 4053 494 4112 moenia
514 4059 583 4130 post
607 4051 639 4110 id
660 4051 858 4128 perscriptum
880 4051 1037 4111 aedificate
1057 4069 1138 4125 esse,
1164 4053 1246 4111 haud
1267 4053 1330 4112 scio
1345 4073 1391 4128 an
1411 4073 1473 4113 non
1494 4061 1579 4114 recte.
1615 4049 1679 4110 Nam

375 4171 474 4213 arcem
495 4172 532 4212 eo
551 4161 686 4229 tempore
706 4153 864 4212 moenibus
885 4154 1020 4212 caruisse
1041 4153 1093 4211 vix
1114 4162 1193 4212 recte
1213 4154 1284 4213 inde
1305 4133 1465 4233 colligitur,¹
1487 4155 1566 4232 quod
1584 4162 1612 4212 ut
1628 4169 1678 4209 mn·

300 4325 302 4331 ,
373 4255 473 4315 nistur
494 4260 616 4313 senatus
635 4255 695 4313 iam
709 4254 864 4330 permittit,
887 4267 954 4312 cum
969 4255 1026 4312 hoc
1046 4255 1118 4314 item
1134 4255 1302 4332 significare
1317 4239 1600 4334 possit'permittem
1617 4269 1678 4321 eum,

372 4363 407 4414 nt
427 4355 543 4415 munita
562 4362 744 4432 permaneat.
810 4355 812 4359 ’
1186 4431 1189 4436 Ι
1617 4367 1619 4372 ’

276 4509 279 4515 .
386 4529 388 4535 Ι
457 4454 564 4532 Capite
580 4457 684 4533 quinto
707 4457 748 4532 (v.
766 4455 903 4532 32-35)
921 4435 1024 4535 agitur
1039 4458 1075 4515 de
1097 4437 1171 4516 auro
1190 4477 1209 4516 a
1223 4458 1386 4520 Thisbaeis
1407 4466 1478 4520 onte
1492 4441 1593 4537 opinor
1605 4469 1677 4532 quam

265 4573 280 4638 J
373 4558 485 4618 bellum
507 4558 624 4617 exarsit
645 4558 755 4618 collato
778 4558 816 4616 ad
837 4575 977 4617 coronam
1000 4559 1031 4617 in
1047 4558 1197 4644 Capitolio
1218 4543 1424 4622 dedicandam.
1459 4559 1577 4623 Scilicet
1595 4563 1677 4618 notum

375 4761 578 4776 ——n——n-—u

378 4906 380 4910 '
421 4883 426 4888 ¹
442 4897 481 4974 ¹¹)-
498 4901 599 4951 Eodem
618 4903 671 4952 iam
688 4908 757 4952 recte
776 4902 928 4965 referemus,
948 4902 1017 4968 quod
1030 4903 1067 4953 cit
1080 4903 1172 4955 Cicero
1191 4905 1223 4955 de
1236 4905 1261 4956 d.
1274 4921 1301 4957 n.
1315 4905 1340 4968 3,
1356 4907 1399 4968 19,
1412 4907 1472 4956 49:—
1484 4920 1517 4955 ac
1528 4898 1677 4969 Amphiaraus

374 4986 422 5035 erit
440 4983 501 5036 dece
526 4997 551 5038 et
572 4989 749 5060 Trophonius?
772 4995 855 5044 nostri
878 4993 975 5060 quidem
988 4991 1136 5061 publicani,
1165 5011 1219 5046 eum
1244 4987 1326 5047 essent
1343 4997 1403 5064 apri
1421 4985 1575 5046 icBoeots'c
1594 4989 1675 5042 demvm

292 5083 312 5128 ‘,
372 5075 548 5128 immortalium
565 5084 664 5148 excepti
682 5075 736 5150 le'qe
754 5086 877 5148 censorio,
897 5084 1023 5152 negabant
1040 5086 1191 5138 immortales
1209 5103 1262 5140 ease
1279 5087 1354 5150 ullos,
1375 5089 1418 5154 qui
1434 5075 1572 5154 stipulando,
1586 5079 1676 5142 possins

364 5165 482 5230 ,risissent
