3654 6072
585 611 634 662 nn
652 609 863 665 eunnrncno
881 609 1109 665 clausorum.
1464 594 1511 664 89

181 793 349 844 castrorum
371 785 558 860 reperiantur
578 783 645 857 ulli,
667 802 723 844 nee
743 793 812 844 aute
832 784 961 842 alterum
986 784 1195 860 imperatorem
1217 802 1271 844 nec
1292 794 1363 860 post
1384 788 1511 848 alterum

183 905 235 946 eos
257 887 290 944 in
311 886 446 945 exercitu
467 886 605 946 extitisse
626 884 864 944 concludendum
885 883 982 962 est1).

268 985 358 1060 Quod
389 986 503 1044 adtinet
535 985 573 1043 ad
608 985 781 1062 dignitatem
814 989 946 1045 muneris
978 985 1171 1062 ordinemque
1203 1003 1292 1062 quem
1324 989 1440 1050 obtinet
1466 993 1513 1050 in·

183 1097 228 1146 ter
254 1089 385 1147 honores
412 1089 574 1159 militares,
602 1087 731 1164 primum
760 1086 1054 1146 animadvertendum
1080 1095 1126 1146 est
1152 1105 1306 1163 nunqnam
1331 1099 1402 1167 post
1427 1111 1514 1169 prac-

183 1189 328 1248 fecturam
355 1197 520 1248 castrorum
549 1188 660 1264 suscipi
687 1187 778 1246 aliam
801 1187 937 1248 militiam
959 1197 1143 1264 equestrem,
1171 1195 1206 1247 ιιι
1224 1190 1443 1266 praefecturam
1465 1213 1515 1252 co·

185 1290 298 1361 hortis,
327 1290 510 1349 tribunatum
538 1289 683 1360 militum,
710 1289 928 1366 praefecturam
955 1291 1048 1362 alae,
1065 1307 1134 1348 cum
1161 1296 1230 1349 ante
1258 1299 1330 1350 eant
1344 1294 1515 1356 tribunatus

184 1391 311 1449 militurn
328 1389 449 1467 saepius
466 1391 507 1466 [ιι.
524 1391 553 1450 7.
569 1390 686 1466 spis).
703 1392 732 1450 9.
750 1389 787 1448 12
799 1389 886 1467 (bis).
905 1393 941 1450 13
958 1391 1043 1468 (bis).
1060 1390 1114 1462 22;
1136 1391 1266 1450 fortasse
1281 1393 1371 1452 etiam
1389 1397 1402 1453 l
1417 1396 1515 1473 (ter)],

183 1491 279 1558 semel
300 1491 490 1566 praefectura
510 1493 599 1552 etiam
621 1492 754 1568 equitum
777 1492 821 1568 (n.
837 1492 876 1569 8)
892 1499 979 1569 gesta
1001 1493 1050 1551 sit.
1086 1492 1156 1552 Uno
1178 1502 1276 1552 autem
1296 1493 1385 1553 Arrio
1402 1495 1515 1556 Salano

184 1591 228 1668 (ιι.
245 1591 279 1668 8)
307 1600 451 1670 excepto,
481 1593 529 1652 cui
555 1593 687 1651 fortasse
713 1592 823 1652 addere
847 1601 933 1670 potes
955 1594 1098 1653 Alfenum
1114 1593 1228 1652 Varum
1250 1594 1294 1670 (n.
1313 1593 1381 1672 17),
1409 1617 1515 1658 omnes

184 1711 260 1769 quos
286 1693 425 1753 novimus
453 1693 597 1769 praefecti
624 1701 712 1752 antea
735 1694 856 1753 ordines
878 1693 1004 1754 duxisse
1025 1695 1170 1756 ridentur.
1213 1695 1288 1759 Hoc,
1303 1697 1340 1754 de
1361 1705 1515 1773 quattuor-

184 1794 280 1851 decim
302 1794 346 1869 (n.
363 1795 390 1854 6.
415 1794 442 1854 7.
467 1795 495 1853 9.
521 1793 567 1852 10.
593 1797 641 1854 ll.
666 1794 714 1852 12.
739 1795 787 1854 13.
812 1795 859 1853 14.
884 1793 933 1854 22.
957 1795 1006 1862 25.
1030 1795 1079 1854 32.
1104 1797 1153 1854 33.
1177 1796 1226 1854 34.
1248 1796 1303 1872 38)
1327 1807 1454 1872 constat,
1477 1801 1516 1861 de

184 1895 309 1970 reliquis
330 1895 491 1972 quominus
509 1895 588 1954 idem
604 1913 768 1967 sumamus,
790 1895 863 1954 nihil
878 1897 1032 1973 prohibet3
1054 1915 1157 1955 omnes
1173 1905 1272 1956 autem
1287 1915 1434 1958 summum
1448 1919 1515 1960 cen·

184 1996 369 2054 turionatum
389 1997 409 2054 i.
424 2015 451 2054 e.
473 1997 688 2074 primipilatum
711 1996 917 2074 gesserunti).
960 1997 1010 2055 Ex
1031 1998 1099 2072 ipso
1120 1997 1323 2074 primipilatu‚
1344 2019 1402 2058 nec
1423 2003 1517 2061 tribu·

184 2101 256 2155 natu
286 2116 342 2158 nec
369 2098 429 2158 alio
458 2117 579 2156 munere
605 2099 774 2171 interiecto,
807 2098 847 2156 ad
874 2098 1091 2174 praefecturam
1119 2107 1286 2157 castrorum
1315 2113 1517 2175 pervenerunt

181 2198 285 2256 n.'10.
312 2200 359 2257 11.
389 2198 438 2262 25.
467 2197 516 2256 32.
540 2199 589 2256 33.
613 2201 662 2258 34.
685 2199 734 2258 38.
778 2199 913 2275 Apparet
937 2199 1030 2276 igitur
1058 2199 1203 2276 primum,
1233 2218 1342 2258 munus
1369 2203 1426 2261 hoc
1454 2223 1516 2264 uon

182 2299 317 2375 gessisse
343 2299 467 2358 iuvenes
494 2299 748 2376 splendidioribus
774 2301 948 2374 parentibus
975 2307 1072 2372 ortos,
1100 2301 1153 2376 qui
1180 2301 1293 2360 tribuni
1318 2311 1351 2360 et
1372 2305 1516 2380 praefecti

184 2401 353 2458 cohortium
375 2401 549 2477 alarumque
571 2401 720 2478 stipendia
740 2401 837 2460 facere
859 2402 1006 2474 solebant,
1029 2402 1082 2460 sed
1103 2409 1219 2460 veteres
1240 2403 1431 2464 centuriones
1452 2407 1472 2464 i.
1489 2427 1514 2466 e.

183 2501 321 2560 homines
346 2501 470 2560 militiae
495 2501 678 2580 legionariae
704 2501 824 2578 penitus
851 2520 961 2580 gnaros
988 2505 1101 2578 quique
1126 2503 1186 2578 ipsi
1213 2503 1285 2560 olim
1312 2503 1432 2581 caligati
1463 2509 1515 2566 sti·

183 2603 295 2678 pendia
319 2603 486 2674 fecissentp
511 2609 544 2660 nt
570 2609 652 2662 recte
678 2601 715 2660 de
740 2604 891 2680 praefecto
919 2611 1087 2662 castrorum
1117 2603 1216 2662 tradat
1237 2603 1382 2681 Vegetins
1405 2605 1437 2678 2,
1463 2609 1515 2668 1οι

183 2709 208 2764 a's
231 2714 303 2780 psat
327 2705 441 2780 lenpaut
464 2705 829 2780 probatamquemilitiam
851 2707 1044 2780 peritissimus
1067 2708 1190 2763 omnium
1212 2705 1364 2781 legebatur,
1390 2718 1426 2766 ιιι
1444 2719 1518 2770 recte

183 2806 298 2866 doceret
324 2806 399 2864 alica
426 2807 504 2880 quod
528 2809 590 2880 ipae
615 2822 677 2863 cam
699 2805 926 2881 madefecisset.
969 2805 1088 2864 Deinde
1109 2807 1327 2882 praefecturam
1349 2817 1517 2870 castrorum

183 2907 263 2965 inter
291 2906 432 2965 militaria
458 2925 582 2964 munera
608 2907 819 2966 centurionicis
846 2907 962 2966 maiora
987 2915 1100 2966 certum
1127 2907 1227 2966 locum
1253 2927 1314 2966 non
1339 2902 1516 2985 obtinuisse,

153 3053 154 3056 ¹
183 3027 250 3066 cum
273 3007 363 3065 modo
384 3014 455 3084 post
475 3007 707 3083 primipilatum,
727 3007 817 3066 modo
838 3015 908 3086 post
927 3008 1127 3081 tribunatum,
1148 3009 1238 3068 modo
1259 3017 1332 3084 post
1351 3011 1517 3086 praefectu-

183 3129 247 3167 ram
276 3109 342 3166 alae
369 3108 560 3184 suscipiatur,
588 3108 733 3185 dignitate
759 3117 859 3169 autem
886 3109 934 3168 his
960 3119 1039 3168 certe
1065 3109 1210 3168 minorem
1238 3129 1300 3168 non
1324 3111 1417 3171 fuisse
1447 3131 1517 3191 cog·

183 3209 371 3285 noscitari).

268 3307 422 3370 Nimirum
451 3309 596 3370 eiusmodi
623 3309 760 3370 homiues
786 3311 881 3372 fortes
906 3311 1027 3386 quidem
1049 3319 1080 3370 et
1100 3311 1228 3388 peritos,
1255 3312 1308 3370 sed
1330 3313 1429 3372 minus
1451 3335 1516 3374 eru-

184 3413 263 3472 ditos
291 3411 430 3471 civilibus
459 3411 567 3470 officiis
594 3411 919 3487 administratiouique·
935 3413 979 3470 rei
1006 3411 1144 3489 publicae
1172 3429 1279 3488 parum
1308 3421 1397 3488 aptos
1424 3415 1517 3475 fuisse

184 3501 426 3573 consentaneum
441 3519 501 3582 est,
530 3531 625 3588 enque
646 3513 752 3589 procul
773 3512 864 3572 dubio
886 3521 932 3570 est
952 3531 1056 3584 causa,
1083 3513 1165 3587 quod
1186 3513 1328 3588 praefecti
1351 3522 1517 3576 castrorum

184 3615 362 3690 plerumque
383 3613 513 3690 amplius
534 3631 595 3671 non
615 3621 840 3690 promoventur,
866 3613 920 3672 sed
940 3632 980 3671 ex
1001 3613 1111 3670 militia
1130 3614 1170 3671 ad
1190 3613 1339 3688 privatam
1357 3615 1449 3676 vitam
1471 3637 1518 3676 re·

186 3722 343 3774 vertuntur
363 3714 406 3790 (n.
423 3713 452 3772 8.
468 3713 496 3774 9.
515 3713 629 3772 11.-13.
647 3713 695 3773 25.
712 3714 777 3791 33).
813 3714 966 3774 Interdum
987 3721 1094 3790 postea
1115 3714 1304 3789 praefectura
1317 3715 1435 3774 fabrum
1451 3717 1516 3775 fun-

185 3825 295 3893 guntur
317 3814 361 3890 (n.
378 3816 406 3874 7.
422 3813 450 3874 8.
471 3816 518 3872 11.
537 3815 600 3890 13),
625 3833 702 3878 unus
726 3813 798 3876 Sex.
821 3816 969 3874 Aulienus
992 3815 1035 3891 (n.
1052 3814 1086 3890 7)
1108 3815 1147 3873 ad
1168 3816 1387 3891 praefecturam
1408 3819 1517 3878 classis

188 3961 394 3972 ——un———nu——n

263 4062 288 4123 ¹)
316 4053 475 4114 Confirmare
499 4063 527 4113 id
545 4064 665 4114 videntur
688 4063 768 4114 verba
785 4064 893 4128 Ulpiani
916 4061 978 4128 Dig.
993 4064 1019 4124 3,
1036 4067 1061 4126 2,
1076 4063 1091 4112 2
1106 4079 1159 4128 pn:
1184 4063 1252 4130 quod
1273 4065 1311 4114 αιί
1327 4073 1450 4132 praeterr
1465 4060 1521 4134 ‘qui

187 4153 219 4204 ab
238 4153 350 4204 exercitu
368 4153 486 4204 dimissus
504 4147 572 4206 erit’:
592 4153 719 4204 dimissum
738 4155 853 4221 accipere
872 4153 986 4205 debemus
1003 4153 1106 4204 militem
1125 4154 1262 4220 caligarum
1280 4155 1322 4206 uel
1338 4157 1363 4205 si
1381 4154 1519 4222 quisalius

185 4260 263 4312 usquc
282 4243 319 4294 cd
336 4246 501 4296 centurionem
518 4243 562 4295 vel
572 4245 728 4312 praefectum
747 4243 858 4296 colortr's
876 4245 918 4295 ccl
935 4245 994 4296 ulae
1011 4245 1053 4296 vel
1071 4246 1185 4312 lepiouc‘a
1205 4246 1247 4296 uel
1264 4243 1388 4296 micanum
1407 4249 1460 4297 cicc
1475 4264 1517 4298 co·

186 4335 269 4386 Ιιοιιίιι
286 4336 339 4386 sr'ue
359 4335 467 4402 legionis
485 4335 602 4387 dociacus
620 4343 665 4387 ert.
696 4338 765 4390 Nam
784 4337 928 4401 siUlpiaui
947 4343 1031 4387 aetate
1043 4337 1134 4388 fuisset
1147 4338 1252 4388 omnino
1265 4337 1409 4401 praefectus
1422 4345 1518 4390 castro-

187 4443 252 4490 rum,
269 4433 342 4484 =certe
361 4442 419 4477 eum
437 4443 491 4478 non
509 4428 645 4478 omisisset.
1135 4471 1136 4474 ,
1451 4473 1454 4476 ,

265 4515 289 4580 ²)
318 4519 353 4570 N.
369 4520 402 4568 12
427 4519 532 4572 mutilus
556 4525 607 4580 est,
633 4519 666 4568 de
684 4519 741 4570 n.6
759 4524 785 4568 et
799 4519 834 4568 14
852 4519 959 4570 Tacitus
983 4518 1188 4569 eeumrionatnm
1211 4524 1310 4568 tantum
1333 4525 1447 4581 testatur,
1474 4523 1519 4572 sed

188 4611 227 4659 illi
253 4623 357 4674 quoque
379 4609 504 4674 primipili
528 4610 582 4660 sine
607 4609 686 4659 dnbio
708 4604 830 4662 fuerunt..v
859 4609 888 4660 G.
909 4609 1002 4659 Caesio
1022 4609 1140 4660 silvestri
1159 4606 1194 4667 (n.
1211 4607 1255 4668 23)
1279 4609 1336 4672 ipsa
1358 4611 1520 4674 praefectura

188 4707 332 4752 castrorum
350 4700 378 4750 in
397 4715 474 4750 causa
492 4700 602 4751 fortasse
620 4699 678 4762 fuit,
698 4715 751 4762 cur,
771 4707 907 4765 antequam
926 4715 984 4749 eam
996 4700 1145 4762 susciperet,
1165 4699 1310 4764 primipilus
1326 4701 1411 4763 fierem
1431 4681 1519 4766 prims·

187 4792 270 4855 pilatu
289 4791 363 4840 enim
386 4792 540 4856 imaginario
565 4797 670 4842 ornatus
690 4791 789 4840 videtur
812 4806 880 4852 csse;
905 4805 965 4840 nam
988 4792 1010 4839 si
1027 4804 1057 4839 re
1076 4803 1137 4839 vera
1154 4790 1266 4854 legionis
1283 4791 1392 4842 alicuius
1410 4793 1519 4858 primam

189 4883 332 4932 centuriam
357 4881 487 4943 duxisset,
512 4889 540 4932 ut
563 4883 591 4932 iu
609 4883 716 4947 reliquis
734 4881 881 4932 muneribus
895 4883 938 4931 ita
956 4881 982 4930 iu
1003 4881 1160 4944 primipilatu
1179 4896 1281 4946 qnoque
1298 4883 1407 4946 legionis
1426 4898 1521 4934 nomen

190 4972 343 5022 adiceretur.
1408 5035 1412 5044 Ι

265 5060 290 5123 ³)
319 5062 390 5114 Nota
408 5063 525 5112 ordinem
545 5077 646 5128 quoqne
666 5078 717 5127 quo
736 5077 843 5114 munera
855 5068 1035 5111 enumerantur
1047 5062 1116 5126 apud
1129 5063 1249 5112 Tacitum
1261 5063 1321 5114 hist.
1337 5066 1362 5125 2,
1376 5065 1411 5114 89
1432 5063 1520 5128 (supra

190 5170 215 5202 n.
226 5153 286 5214 43);
300 5153 424 5218 praefecti
437 5159 578 5205 castrorum
593 5181 626 5190 -
641 5153 736 5202 tribuni
750 5181 783 5190 -
799 5153 877 5217 primi
890 5153 1064 5214 centurionem
1077 5153 1207 5204 Velleinm
1217 5155 1242 5214 2,
1256 5155 1307 5204 112
1323 5153 1411 5220 (supra
1423 5170 1449 5207 n.
1461 5154 1520 5216 39):
1604 5171 1608 5178 ·

190 5245 286 5295 tribuni
306 5244 416 5294 militum
436 5272 469 5282 -
490 5245 635 5310 praefectus
653 5251 795 5296 castrorum
816 5270 849 5281 -
869 5244 992 5310 praefecti
1012 5244 1166 5296 cohortium.
