3568 6070
363 613 434 684 146
932 619 1114 673 mommsen

360 713 1665 744 -......-------—-——-----—-----—--—--——-

444 797 559 861 Crasso
580 795 695 857 consuli
716 814 743 854 a.
760 792 798 852 27
821 794 924 869 nupsit
939 789 1096 852 Scribonia
1116 789 1270 848 nominata
1290 789 1370 865 apud
1385 785 1527 849 Senecam
1546 787 1589 863 (in
1606 807 1667 864 apo·

361 904 476 964 theosis
491 921 516 961 c.
531 899 581 976 ll)
596 907 627 957 et
640 897 778 957 Tacitum
794 894 877 972 (hist.
896 895 922 966 1,
937 893 989 968 11)
1004 900 1034 952 et
1047 890 1243 949 Plutarchum
1258 887 1363 964 (Galb.
1375 887 1440 966 23),
1461 891 1544 948 cuius
1558 897 1669 948 stemma

363 1005 477 1064 subieci
502 1000 687 1060 emendatius
716 987 822 1072 opinor
851 1013 886 1053 eo
914 993 994 1082 quod
1021 991 1177 1070 proposuit
1205 991 1448 1070 Borghesins¹);
1478 991 1514 1048 ab
1543 1009 1576 1048 eo
1601 991 1668 1048 enim

364 1110 519 1165 stemmate
541 1103 617 1162 haee
639 1099 804 1176 disputatio
827 1097 875 1156 vel
896 1096 1028 1154 maxime
1049 1092 1168 1170 pendet.

384 1255 439 1318 Cu.
450 1253 613 1332 Pompeius
623 1251 752 1329 Magnus
783 1208 1374 1309 mmmmm
1385 1272 1423 1299 υ
1436 1241 1548 1302 Caesar
1560 1251 1652 1320 postea

528 1334 547 1406 †
563 1335 623 1483 7106
911 1345 979 1475 000.Ι
989 1325 1050 1386 720
1455 1323 1637 1404 Augustusi)

396 1490 467 1552 Sex.
491 1489 654 1644 Pogugeligs
676 1488 803 1564 Magnus
837 1517 875 1710 »ιι
910 1483 1067 1546 Scribonia
1238 1567 1251 1596 0
1365 1481 1444 1707 101110
1465 1480 1624 1546 0010715,

384 1728 421 1788 L.
438 1726 613 1788 Scribonius
628 1726 705 1785 Libo
728 1755 766 1782 υ
790 1723 935 1801 Pompeia
1326 1719 1498 1796 Agrippina
1512 1750 1548 1776 υ
1564 1717 1671 1814 Germa·

742 1804 748 1950 ι
1528 1800 1532 1947 Ι
1583 1819 1654 1859 mcus

383 1977 977 2076 Mu
991 2010 1031 2068 M.
1043 2007 1175 2068 Crassus
1188 1971 1672 2068 Μ

391 2101 458 2158 nius
473 2099 509 2157 L.
525 2099 545 2156 f.
579 2097 647 2155 nius
662 2095 741 2155 Libo
992 2093 1087 2168 Frugi
1098 2110 1160 2150 cos.
1226 2109 1277 2150 sar
1297 2111 1326 2150 n.
1390 2089 1506 2150 Caesar
1533 2090 1669 2150 n.ttt=

394 2182 544 2239 Libocos.
583 2178 740 2255 Drususi)
994 2173 1164 2236 780=27
1210 2174 1358 2233 760=7
1589 2173 1622 2230 12

385 2263 549 2324 709--16
592 2262 720 2403 10,-7103

446 2447 483 2505 In
499 2446 686 2508 Scriboniam
702 2444 806 2504 Crassi
828 2461 952 2502 uxorem
976 2461 1042 2500 oum
1064 2441 1135 2499 item
1158 2441 1317 2499 conveniat
1337 2441 1417 2516 quod
1439 2441 1478 2498 de
1499 2443 1586 2498 fratre
1603 2458 1674 2517 prae-

363 2550 443 2608 dicat
464 2548 589 2608 Tacitus
613 2547 695 2623 (ann.
716 2546 749 2618 2,
771 2545 825 2621 27)
853 2562 998 2622 proavum
1024 2543 1051 2600 ei
1078 2542 1173 2602 fuisse
1199 2541 1390 2618 Pompeium,
1420 2543 1542 2602 amitam
1572 2542 1674 2617 (nempe

364 2651 484 2708 amitam
507 2649 659 2720 maiorem,
681 2648 787 2724 proavi
810 2645 957 2721 sororem)
979 2643 1164 2705 Scriboniam
1181 2644 1322 2721 Augusti,
1345 2645 1544 2704 consobrinos
1565 2643 1675 2720 (scilicet

255 2817 257 2821 ¹
363 2751 469 2809 latiore
491 2749 718 2826 significatione,
741 2765 801 2822 qua
815 2747 991 2805 vocabulum
1005 2745 1225 2827 ¹complectitur
1247 2744 1336 2802 etiam
1357 2749 1444 2804 natos
1467 2765 1507 2804 ex
1520 2745 1674 2823 parentibus

317 2909 319 2912 .
363 2853 441 2908 inter
467 2869 499 2909 se
529 2850 674 2925 sobrinis)
702 2847 864 2918 Caesares,
891 2848 1030 2904 nimirum
1059 2845 1247 2923 Agrippinae
1272 2845 1352 2903 filios
1379 2843 1532 2906 Neronem
1556 2847 1674 2906 Drusum

366 2950 491 3022 Caium,
515 2951 567 3008 vix
589 2950 652 3007 ulla
672 2949 779 3008 domus
803 2968 838 3007 eo
860 2955 993 3026 tempore
1014 2949 1071 3006 fuit
1092 2964 1201 3021 aeque,
1230 2953 1262 3003 ut
1284 2946 1408 3012 Tacitus
1430 2949 1488 3021 ait,
1514 2947 1674 3026 imaginibus

364 3052 461 3128 plena.
505 3051 541 3108 Id
568 3050 648 3124 quod
671 3050 758 3108 etiam
785 3050 882 3126 magis
905 3051 1020 3108 obtinet
1041 3049 1078 3106 de
1100 3048 1188 3105 domo
1210 3047 1241 3104 in
1264 3066 1353 3123 quam
1376 3048 1443 3124 ipsa
1464 3049 1589 3108 deducta
1608 3058 1674 3108 esset

365 3171 432 3210 cum
455 3151 528 3214 suis,
540 3151 722 3228 imaginibus
742 3150 925 3208 Liciniorum
944 3149 1125 3210 Crassorum
1146 3148 1257 3226 Frugi3
1279 3168 1348 3206 nam
1369 3157 1489 3225 praeter
1509 3152 1590 3228 ipsos
1609 3149 1675 3209 Lici·

364 3254 431 3311 nios
454 3251 582 3312 Crassos
608 3253 698 3310 trium
727 3253 864 3328 stirpium
892 3247 1150 3310 nobilissimarum
1177 3250 1321 3308 Pisonum
1343 3249 1453 3328 Frugi,
1482 3253 1674 3330 Pompeiorum

364 3355 553 3432 Magnorum,
577 3351 799 3414 Scriboniorum
818 3352 967 3412 Libonum
989 3359 1058 3428 post
1079 3351 1195 3410 virilem
1216 3353 1410 3428 propaginem
1432 3355 1592 3413 extinctam
1611 3371 1676 3430 quae

364 3455 486 3513 ultimae
509 3454 718 3530 superfuerant
738 3455 819 3513 filiae
841 3447 1023 3513 matrimonii
1043 3454 1107 3512 iure
1129 3454 1160 3511 iu
1176 3472 1241 3511 eam
1256 3453 1374 3512 domum
1387 3456 1569 3514 transierant
1581 3455 1674 3532 potuit-

440 3701 465 3765 1>
492 3701 559 3766 Opp.
575 3701 599 3764 5,
615 3703 666 3752 301
687 3707 713 3751 et
731 3701 800 3766 apud
818 3701 1006 3766 Nipperdeium
1025 3701 1058 3750 ad
1078 3701 1162 3752 Taciti
1176 3714 1236 3750 ann.
1251 3703 1276 3762 2,
1291 3702 1335 3750 27.
1366 3702 1432 3750 Eum
1452 3704 1533 3752 secuti
1551 3708 1606 3752 sunt
1621 3701 1674 3766 Nip·

363 3793 483 3857 perdeius
495 3793 513 3842 l.
528 3808 549 3842 c.
569 3797 595 3842 et
605 3773 770 3842 Lehmannus
782 3793 810 3842 in
823 3793 875 3842 tab.
885 3794 919 3844 V.
931 3791 934 3797 ’
951 3792 1106 3843 Differentia
1117 3793 1145 3841 in
1159 3807 1190 3842 eo
1203 3793 1319 3855 vertitur,
1338 3793 1407 3858 quod
1419 3794 1559 3860 Pompeiae
1570 3794 1674 3844 maritum

361 3878 521 3950 Borghesius
540 3885 628 3934 statuit
646 3883 725 3933 fuisse
743 3884 780 3934 M.
800 3885 902 3934 Livium
921 3883 1036 3934 Drusum
1054 3884 1181 3948 Libonem
1200 3884 1329 3933 consulem
1349 3898 1372 3934 a.
1383 3885 1445 3947 739,
1465 3893 1555 3938 natum
1573 3900 1604 3935 cx
1616 3883 1675 3936 Scri·

347 3975 442 4041 vbonio
455 3975 555 4025 Libone
574 3976 669 4040 aliquo,
690 3975 841 4039 adoptatum
859 3989 875 4024 a
894 3974 931 4024 M.
951 3975 1026 4024 Livio
1044 3975 1131 4024 Druso
1146 3975 1289 4024 Claudiano
1307 3981 1380 4038 patre
1398 3977 1489 4028 Liviae
1503 3977 1617 4042 Augrrsti.
1644 3975 1675 4023 At

362 4066 474 4130 primum
492 4065 593 4116 Drusus
610 4067 677 4116 Libo
699 4066 743 4115 ille
762 4066 794 4115 ab
814 4067 952 4130 adoptione
971 4067 1069 4126 alienus
1089 4073 1139 4128 est,
1164 4081 1222 4116 eum
1240 4065 1344 4116 Marcus
1362 4068 1417 4130 ipse
1435 4068 1495 4118 item
1514 4069 1545 4118 L.
1563 4067 1581 4117 i.
1600 4065 1673 4130 appel·

363 4157 443 4220 letur;
467 4172 528 4207 nam
550 4157 618 4206 tilius
641 4157 775 4221 adoptivus
798 4163 827 4206 nt
850 4171 944 4206 nomen
970 4158 1006 4206 ita
1029 4171 1186 4221 praenomen
1209 4171 1225 4206 a
1247 4162 1319 4220 patre
1344 4158 1466 4222 adoptivo
1485 4159 1595 4208 mutuari
1612 4157 1674 4207 solet.

363 4247 467 4298 Deinde
485 4263 549 4312 quos
567 4247 635 4297 filios
654 4249 708 4297 cius
726 4249 812 4312 posuit
823 4247 980 4312 Borghesius
994 4249 1024 4297 L.
1038 4248 1163 4297 Libonem
1185 4249 1315 4297 consulem
1334 4263 1357 4298 a.
1369 4249 1412 4310 16,
1431 4249 1469 4300 Μ.
1482 4250 1604 4300 Libonem
1616 4248 1673 4297 Dru·

364 4353 421 4387 sum
438 4345 582 4401 praetorem
601 4338 692 4388 eodem
711 4352 793 4400 anno,
819 4338 980 4390 Scriboniam
1001 4338 1100 4400 Crassi,
1127 4351 1214 4387 omnes
1233 4345 1332 4388 constat
1349 4355 1402 4389 000
1420 4341 1509 4390 Livios
1526 4341 1614 4400 inisse,
1637 4337 1674 4387 aed

363 4427 520 4480 Scribonios.
558 4428 687 4494 Equidem
711 4429 862 4479 crediderim
882 4430 1012 4480 consulem
1034 4443 1058 4480 a.
1073 4429 1125 4480 739
1148 4429 1256 4478 Libonis
1275 4445 1416 4494 cognomen
1435 4431 1545 4482 nexisse
1563 4434 1673 4486 amatre,

364 4532 429 4582 quae
452 4535 526 4569 soror
548 4520 627 4570 fuisse
647 4525 732 4584 potest
750 4521 899 4573 Scribonios
922 4521 1046 4584 Augusti,
1072 4526 1216 4585 praetorem
1240 4527 1325 4570 autem
1349 4535 1372 4572 a.
1389 4523 1423 4572 16
1441 4522 1562 4572 heredem
1579 4521 1674 4572 fortasse

321 4611 325 4618 '
363 4609 505 4660 institutum
524 4623 541 4661 a
560 4613 663 4662 consule
682 4626 706 4662 a.
721 4613 772 4662 739
791 4618 928 4676 propterea
946 4612 1025 4662 Drusi
1044 4625 1185 4676 cognomen
1205 4611 1313 4662 alterum
1332 4613 1479 4664 adscivisse.

439 4695 464 4759 ²)
493 4700 533 4750 ct.
552 4701 689 4752 Drumann
702 4704 728 4764 4,
743 4703 805 4753 303.
837 4703 915 4752 Adde
933 4702 970 4752 ibi
988 4705 1060 4754 locos
1079 4703 1192 4755 Senecae
1211 4717 1251 4768 ep.
1267 4703 1309 4765 70,
1327 4706 1360 4754 10
1380 4711 1406 4754 et
1424 4704 1509 4755 Taciti
1527 4719 1586 4755 ann.
1600 4704 1623 4764 2,
1637 4701 1672 4760 27,

363 4801 472 4850 quorum
483 4789 527 4838 ille
541 4793 652 4842 ostendit
660 4792 822 4845 Scriboniam
835 4795 989 4858 superfuisse
1002 4795 1036 4845 ad
1045 4810 1069 4845 a.
1077 4795 1142 4859 lssp.
1150 4794 1211 4844 Chr.
1220 4813 1254 4835 =
1262 4794 1322 4856 769,
1338 4811 1395 4845 cum
1408 4811 1431 4846 a.
1441 4797 1494 4846 714
1506 4810 1563 4846 eam
1572 4793 1674 4844 duxisset

364 4875 460 4926 Caesar
475 4869 589 4942 ‘nuptam
609 4889 685 4934 antea
702 4883 800 4935 duobus
820 4885 1003 4948 consularibus,
1024 4901 1057 4936 ex
1076 4887 1156 4936 altero
1177 4887 1254 4937 etiam
1272 4879 1388 4935 matrem’
1406 4885 1486 4948 (Suet.
1499 4887 1568 4952 Aug.
1581 4883 1632 4946 62).

439 4963 463 5026 ³)
491 4965 529 5018 0.
548 4967 614 5020 Lato
634 4974 662 5024 m
679 4975 752 5025 fasne
772 4975 942 5026 Amiternina
961 4977 995 5026 aa
1013 4977 1049 5026 to.
1069 4977 1139 5040 Sept.
1160 4975 1189 5038 (1
1207 4993 1232 5040 p.
1247 4975 1326 5038 402),
1350 4973 1416 5027 Lao
1435 4975 1536 5028 mou
1553 4991 1567 5028 e
1576 4971 1673 5042 sauata

362 5051 552 5109 Scriboniorum
571 5063 639 5126 apud
653 5065 770 5116 Tacitum
785 5081 844 5118 ann.
859 5070 884 5130 2,
900 5070 933 5117 27
954 5067 997 5130 (cf.
1016 5083 1038 5118 c.
1053 5068 1101 5118 32:
1120 5083 1150 5118 oe
1170 5069 1226 5134 qnia
1245 5065 1393 5117 Scribonios
1411 5061 1673 5136 comessandum

362 5144 523 5211 adsumeret),
549 5149 651 5203 Drusus
668 5152 735 5206 Lato
756 5159 824 5222 apud
843 5160 971 5210 Velleium
991 5159 1090 5220 2,130
1109 5165 1134 5208 et
1153 5159 1279 5212 Senecam
1298 5173 1338 5222 cp.
1354 5161 1397 5220 70,
1413 5161 1461 5222 10,
1485 5157 1518 5211 L.
1537 5155 1672 5210 Scribonia

360 5233 427 5288 Libo
447 5240 515 5304 apud
533 5243 686 5296 Suetonium
705 5245 763 5300 Tin
778 5249 812 5300 25
832 5256 857 5301 et
875 5249 988 5301 Dionem
1009 5249 1052 5312 57,
1068 5250 1101 5301 15
1120 5251 1147 5301 in
1165 5251 1333 5315 praenomine
1349 5249 1436 5301 falsos.
1521 5229 1523 5233 ¹
