3568 6070
353 607 425 680 150
923 621 1105 675 uonnsuu

433 797 461 855 3.
504 795 540 854 L.
563 792 745 871 Calpurnius
767 795 840 854 Piso
866 794 974 854 consul
995 813 1023 852 a.
1038 792 1088 864 57,
1118 792 1198 850 filius
1219 792 1255 851 L.
1278 792 1399 872 Pisonis
1420 795 1551 856 consulis
1578 795 1665 868 1117,

349 898 521 958 interfectus
542 897 574 954 in
595 896 698 954 Africa
720 915 746 952 a.
764 895 813 968 69,
835 896 872 954 de
893 914 954 972 quo
976 894 1038 953 dixi
1059 895 1090 952 in
1111 893 1207 953 iudice
1228 894 1369 954 Pliniana
1390 915 1420 971 p.
1437 895 1508 956 405.

434 999 476 1058 Hi
497 1007 557 1057 1101
579 998 619 1056 ad
636 997 769 1056 Atticum
791 997 908 1056 titulum
930 1015 1009 1068 eum,
1031 996 1149 1071 dequo
1172 995 1299 1072 agimus,
1320 1015 1374 1074 per
1396 1014 1429 1054 sc
1450 997 1516 1074 pari
1537 997 1666 1056 1010111-

350 1101 428 1160 mitti
454 1117 546 1176 posse
568 1100 718 1171 videntum
745 1098 881 1158 similiter
906 1106 939 1156 ut
965 1097 1013 1157 cui
1039 1097 1129 1156 simul
1157 1104 1256 1156 statua
1280 1098 1381 1174 posita
1407 1105 1453 1156 est
1477 1099 1518 1156 M.
1540 1097 1666 1166 Licinius

350 1202 391 1260 M.
414 1201 544 1277 LFrugi
565 1203 666 1278 potest
685 1199 781 1259 luisse
802 1208 833 1258 et
853 1199 958 1258 consul
979 1217 1006 1256 a.
1023 1197 1061 1256 27
1083 1204 1113 1257 et
1134 1198 1242 1258 consul
1263 1217 1290 1256 a.
1307 1198 1356 1257 64.
1392 1198 1556 1258 Videamus
1576 1199 1666 1276 igitur,

351 1323 420 1362 uum
448 1303 526 1362 inter
547 1302 602 1360 has
624 1315 769 1377 personas
791 1319 845 1376 par
867 1299 989 1376 aliquod
1010 1300 1178 1376 reperiatur
1198 1301 1241 1358 ita
1262 1299 1467 1372 coniunctum,
1494 1308 1527 1358 ut
1547 1301 1665 1360 necessi·

350 1405 421 1463 tudo
450 1404 664 1463 dubitationem
692 1401 813 1459 eximat.
865 1397 925 1460 Sed
955 1409 988 1458 ut
1015 1401 1053 1459 de
1079 1401 1138 1458 hac
1165 1399 1384 1460 necessitudine
1412 1408 1493 1460 recte
1521 1402 1666 1474 iudicetur,

308 1560 330 1588 ‚
349 1513 438 1574 autea
451 1505 610 1564 videndum
626 1513 681 1577 est,
704 1522 775 1562 uum
794 1503 871 1560 forte
886 1501 1076 1560 determinari
1089 1502 1196 1580 possit,
1218 1510 1285 1562 uter
1299 1520 1401 1560 eorum
1418 1503 1551 1562 virorum
1564 1503 1595 1562 in
1607 1503 1666 1564 basi

348 1609 403 1665 illa
430 1606 544 1682 duplici
571 1606 671 1664 locum
699 1603 921 1662 honoratiorem
950 1611 1085 1680 occupet.
1128 1603 1164 1660 Id
1191 1621 1231 1661 ex
1259 1603 1328 1680 ipsa
1355 1603 1553 1662 collocatione
1581 1604 1666 1662 deoidi

348 1727 440 1787 posse
467 1707 588 1786 negarit
608 1705 832 1780 Dittenberger3
859 1704 983 1780 reperiri
1006 1704 1134 1763 Athenis
1160 1705 1251 1764 bases
1277 1704 1351 1764 duas
1378 1704 1466 1765 binas
1490 1706 1665 1764 1101011111-

349 1813 468 1882 bentes,
496 1827 622 1886 quarum
648 1807 744 1866 altera
769 1814 884 1881 patrem
905 1805 1028 1864 Eubioti
1049 1804 1204 1864 cuiusdam
1225 1805 1334 1864 habeat
1354 1805 1484 1868 intuenti
1505 1825 1524 1864 a
1545 1807 1665 1878 sinistra,

349 1919 475 1970 matrem
500 1909 633 1968 eiusdem
659 1928 677 1968 a
703 1907 823 1978 dextra,-
850 1906 945 1964 altera
965 1907 1093 1966 intuenti
1114 1925 1133 1965 a
1153 1907 1277 1966 sinistra
1298 1904 1457 1965 Claudiam
1480 1907 1665 1966 Athenaidem

348 2012 452 2072 nescio
478 2030 582 2088 quam,
610 2029 630 2069 a
657 2008 764 2067 dextra
784 2008 833 2066 Ti.
857 2006 1015 2068 Claudium
1037 2007 1191 2067 Herodem
1212 2008 1348 2068 Atticum
1375 2017 1454 2068 certe
1476 2009 1531 2067 illa
1550 2010 1665 2067 honora·

317 2105 319 2112 ’
349 2115 464 2172 tiorem.
508 2113 551 2170 At
575 2112 607 2170 in
632 2112 689 2168 hoc
715 2117 818 2170 nostro
846 2109 932 2168 titulo
957 2109 1088 2188 priorem
1114 2109 1213 2169 locum
1237 2109 1371 2168 obtinere
1393 2110 1491 2168 virum
1512 2112 1665 2170 intuentia

349 2215 472 2274 sinistra
491 2213 620 2292 positum
643 2211 711 2270 iude
732 2211 857 2288 colligo,
885 2209 966 2287 quod
986 2210 1183 2286 praescriptio
1205 2209 1245 2269 ad
1265 2219 1424 2288 utrumque
1445 2212 1564 2270 titulum
1584 2211 1663 2288 perti-

348 2335 423 2376 nens
452 2312 466 2372 1
488 2309 575 2385 δῆμος
595 2315 665 2372 huic
687 2313 744 2371 soli
765 2311 958 2390 superposita
979 2321 1034 2378 est.
1078 2309 1176 2386 Quam
1197 2313 1235 2372 ob
1257 2331 1320 2370 rem
1341 2313 1506 2388 quaerendi
1527 2321 1594 2372 sunt
1613 2314 1663 2372 duo

348 2418 484 2477 homines
505 2424 570 2474 arta
590 2415 771 2474 necessitate
791 2413 953 2485 coniuncti,
975 2431 1101 2489 quorum
1117 2414 1202 2492 prior
1214 2422 1245 2473 et
1258 2414 1358 2490 potior
1371 2414 1543 2492 appelletur
1555 2415 1589 2473 L.
1604 2412 1663 2474 (111-

348 2519 473 2596 purnius
493 2517 530 2578 L.
552 2516 573 2574 i.
595 2516 680 2587 Piso,
703 2515 779 2574 aller
799 2515 840 2574 M.
862 2514 998 2574 Licinius
1019 2515 1061 2573 M.
1083 2514 1104 2572 f.
1127 2513 1231 2593 Frugi.

432 2619 506 2678 Mihi
528 2620 634 2677 harum
655 2618 787 2695 gentium
809 2616 1002 2693 cognationes
1024 2615 1244 2692 affinitatesque
1265 2618 1446 2696 expendenti
1469 2620 1546 2678 duae
1561 2618 1662 2679 coniec·

347 2733 432 2782 turae
458 2739 490 2780 se
518 2713 746 2794 obtulerunt1),
774 2735 900 2793 quarum
927 2717 996 2776 licet
1021 2717 1146 2775 alteram
1173 2717 1267 2778 altera
1285 2720 1518 2796 probabiliorem
1539 2720 1661 2790 iudicem,

264 2831 266 2834 ’
348 2831 450 2882 tamen
477 2839 514 2878 ne
542 2819 678 2878 fraudem
703 2818 813 2877 iecisse
841 2818 945 2877 videar
972 2819 1123 2878 reticendo
1151 2819 1249 2880 minus
1277 2821 1478 2898 probabilem,
1510 2839 1661 2899 proponam

348 2930 514 2998 utramque.
556 2920 693 2978 Primum
715 2936 808 2995 supra
827 2919 956 2978 vidimus
977 2917 1141 2980 Monaesi
1161 2920 1257 2998 Frugi
1277 2923 1412 2980 consulis
1434 2941 1461 2981 a.
1481 2923 1520 2981 64
1542 2941 1661 2982 10101011

346 3025 488 3102 nupsisse
509 3021 545 3080 L.
568 3020 674 3079 Pisoni
694 3020 837 3098 pontifici
849 3021 1019 3098 eidemque,
1046 3022 1107 3080 nisi
1127 3032 1232 3081 nostra
1252 3041 1309 3082 nos
1329 3023 1409 3082 fallit
1429 3024 1578 3100 opinatio,
1601 3040 1660 3080 con·
1764 3045 1765 3048 ¹

298 3127 308 3144 ⁴
347 3126 407 3186 suli
433 3144 461 3182 a.
476 3123 526 3182 57.
568 3121 611 3180 Η1
637 3121 697 3180 duo
724 3120 816 3180 frater
844 3123 1019 3198 sororisque
1044 3123 1170 3181 maritus
1195 3142 1256 3182 non
1275 3124 1376 3200 inepte
1396 3133 1558 3200 potuerunt
1576 3123 1659 3182 eidem
1763 3147 1764 3150 ¹

347 3227 413 3287 basi
439 3224 566 3302 imponi,
595 3242 650 3282 nec
677 3222 740 3282 sine
767 3242 857 3283 causa
877 3225 1056 3301 praecedere
1077 3225 1104 3282 is
1126 3224 1177 3300 qui
1197 3224 1281 3302 prior
1300 3245 1403 3284 eorum
1425 3226 1466 3284 ad
1487 3226 1659 3286 consulatum

346 3327 540 3405 pervenisset.
562 3358 601 3368 -
633 3326 675 3383 At
700 3325 726 3383 11
753 3345 823 3384 vere
850 3343 942 3402 supra
966 3326 1123 3402 posuimus
1148 3324 1186 3384 L.
1207 3326 1351 3386 Pisonem
1379 3328 1535 3386 consulem
1564 3347 1590 3385 a.
1608 3323 1658 3383 739

345 3439 460 3507 patrem
487 3427 653 3487 naturalem
679 3427 773 3486 fuisse
801 3427 842 3485 M.
865 3425 969 3486 Crassi
992 3426 1087 3506 Frugi
1112 3427 1246 3486 consulis
1273 3447 1299 3486 a.
1317 3428 1367 3501 27,
1393 3429 1484 3506 louge
1507 3420 1601 3507 aptius
1622 3427 1659 3484 ita

345 3532 509 3610 iunguntur
529 3535 614 3605 pater
635 3535 666 3588 01
685 3529 777 3601 filius,
799 3547 924 3605 eamque
945 3529 1146 3588 coniecturam
1167 3528 1227 3588 iam
1249 3530 1395 3606 praefero.

345 3695 550 3708 .-.-..-----

424 3781 459 3866 ¹)⁸
475 3803 627 3869 Nipperdeii
651 3803 694 3865 (ad
713 3806 776 3855 Tac.
797 3819 857 3855 ann.
876 3805 962 3867 6,10)
985 3805 1132 3856 coniectura
1149 3806 1335 3870 intellegendos
1354 3821 1410 3857 esse
1427 3807 1458 3858 L.
1478 3807 1595 3858 Pisonem
1612 3819 1655 3854 eos.

346 3911 370 3946 a.
381 3895 433 3946 739
452 3899 478 3943 01
495 3895 534 3944 M.
551 3894 671 3945 Crassum
690 3911 742 3945 cos.
761 3911 785 3946 a.
800 3898 862 3968 740,
883 3912 947 3962 quos
965 3911 1088 3960 generum
1107 3911 1274 3962 socerumque
1293 3912 1348 3948 0110
1366 3904 1446 3964 putat,
1467 3914 1524 3948 cum
1545 3898 1575 3947 iis
1591 3911 1654 3960 argu·
1755 3949 1756 3952 ,

345 3985 438 4036 mentis
455 3984 588 4048 refutatur,
613 4001 678 4052 quae
696 4002 774 4053 supra
791 3989 873 4049 attuli,
894 3994 948 4036 urm
967 3987 1036 4052 quod
1055 3989 1091 4037 ita
1109 3995 1272 4053 praepostere
1290 4003 1369 4053 gener
1387 4003 1478 4040 100010
1495 3988 1653 4056 praeponitur.

345 4077 375 4130 si
399 4076 442 4142 qui
466 4076 560 4141 cogitet
577 4077 609 4126 de
627 4077 749 4128 iratribus
766 4079 804 4128 M.
819 4079 912 4129 Crasso
930 4079 1010 4144 Frugi
1029 4095 1081 4130 001.
1101 4093 1125 4128 a.
1140 4079 1175 4130 64
1194 4086 1220 4129 01
1237 4081 1267 4132 L.
1287 4079 1383 4131 Pisone
1401 4081 1523 4145 adoptato
1541 4095 1557 4130 a
1573 4077 1652 4136 Galba,
1754 4045 1755 4118 1

342 4169 404 4218 item
428 4167 551 4230 obstabit,
577 4169 647 4233 quod
669 4169 706 4220 ita
728 4171 811 4219 maior
832 4153 1028 4220 frater'miuori
1052 4171 1136 4220 locum
1155 4171 1236 4234 cedit;
1258 4178 1392 4237 praeterea
1409 4171 1532 4222 Pisonem
1550 4185 1603 4221 eum
1618 4166 1652 4217 M.
1753 4141 1754 4216 1

342 4259 423 4310 filium
448 4274 517 4321 esse,
541 4275 593 4310 non
617 4261 690 4311 Lucii
712 4277 791 4326 supra
811 4261 922 4312 vidimus
945 4277 993 4312 nec
1015 4267 1083 4312 recte
1107 4263 1190 4312 omitti
1214 4263 1297 4327 potuit
1316 4278 1456 4328 cognomen
1477 4258 1651 4328 quodammodo

341 4342 423 4415 κύριον
440 4341 578 4402 Liciniani.
