3620 6080
505 588 803 645 onsnavarrouns
821 591 940 645 neren.
959 593 1022 645 xv.
1333 617 1336 621 ·
1354 581 1427 654 293

103 762 181 840 quod
203 761 351 821 eiusmodi
376 762 468 839 legati
490 763 681 822 nominantur
700 765 738 822 ab
760 783 797 822 ec
818 764 1011 841 magistratu,
1039 765 1090 842 qui
1115 773 1236 826 senatus
1260 774 1431 835 consultum

103 863 131 922 id
153 881 215 941 quo
237 863 384 923 nominari
405 863 544 923 iubentur
563 865 644 938 fecit,
665 865 700 924 fit
721 884 760 924 ex
774 865 988 926 consuetudine
1002 864 1140 950 Romana
1159 867 1239 943 (Liv.
1255 871 1305 944 43,
1324 876 1350 948 1,
1369 877 1430 954 10).
1537 932 1539 935 .

184 965 359 1024 Posteriora
385 973 508 1024 senatus
531 965 670 1027 consulto
697 967 789 1026 verba
813 966 991 1026 facientibus
1019 967 1124 1027 iisdem
1151 967 1311 1032 Thisbaeis
1335 979 1431 1052 partis

102 1066 256 1126 Romanae
277 1066 408 1142 quinque
429 1066 502 1125 viris
522 1067 572 1138 iis,
593 1085 670 1143 quos
691 1067 810 1126 interim
833 1087 851 1124 a
865 1075 1003 1144 praetore
1024 1069 1193 1128 nominatos
1215 1089 1283 1130 esse
1305 1092 1432 1138 consen-

103 1176 223 1226 taneum
244 1174 306 1240 est,
333 1185 352 1224 a
373 1173 478 1226 senatu
499 1167 729 1244 praescribitur,
756 1168 827 1245 quid
855 1169 885 1226 in
906 1171 996 1228 rebus
1018 1169 1237 1229 Thisbaeorum
1259 1175 1432 1241 ordinandis

102 1269 255 1344 seqnieos
271 1275 417 1345 oporteat.
449 1267 491 1326 Et
505 1267 542 1326 de
563 1267 660 1346 eapite
673 1269 771 1347 primo
793 1269 836 1346 (v.
854 1269 990 1345 17-20)
1011 1289 1114 1329 verum
1129 1271 1204 1329 vidit
1224 1272 1284 1332 iam
1299 1275 1431 1338 Fouear·

101 1377 161 1428 tus.
205 1368 424 1436 Thisbaeorum
446 1387 518 1448 ager
534 1386 601 1428 cum
618 1388 672 1446 per
687 1369 867 1430 deditionem
881 1371 1086 1430 Romanorum
1107 1371 1205 1432 sactus
1227 1384 1308 1434 esset
1328 1395 1432 1441 seeun-

101 1469 172 1529 dum
194 1477 297 1528 notam
318 1469 478 1538 formulam
505 1469 587 1546 (Liv.
611 1469 776 1547 1‚3s,2):
806 1473 944 1530 melitene
970 1490 1021 1530 uos
1042 1474 1237 1550 populumque
1259 1475 1433 1544 Collatinum

101 1573 198 1630 urbem
211 1589 300 1648 apros
315 1589 422 1648 equom
436 1574 569 1630 terminos
590 1571 710 1630 delubro
723 1573 857 1630 utensilia
871 1574 970 1630 diuina
987 1573 1164 1650 humaneque
1178 1581 1271 1636 omnio
1292 1582 1322 1638 in
1343 1601 1434 1644 meum

97 1674 259 1750 populique
284 1672 408 1732 Romani
440 1673 594 1730 dicionem?
619 1667 782 1730 ‘Dedimua’.
825 1671 867 1732 At
897 1691 947 1750 epo
978 1677 1100 1750 recipio,
1134 1676 1194 1749 vel,
1221 1683 1255 1736 ut
1279 1689 1327 1740 est
1353 1685 1433 1762 apud

101 1773 270 1861 Polybium
286 1772 336 1847 36,
358 1773 377 1830 4
400 1772 459 1850 [2]τ
482 1765 583 1856 χώραν
666 1763 714 1830 καὶ
736 1763 832 1832 ninere
930 1762 1037 1856 ἄνδρας
1050 1764 1098 1830 uui
1115 1778 1255 1850 prominere
1341 1805 1433 1841 ποτα-

100 1867 171 1942 μούς
192 1864 306 1940 λιμένας
326 1868 386 1956 ἱερὰ
407 1867 530 1950 τάφοις,
551 1873 611 1932 iam
634 1891 706 1951 ager
725 1874 763 1934 iis
777 1873 921 1948 redditur,
943 1873 1080 1934 similiter
1098 1884 1187 1952 atque
1202 1877 1434 1946 Plarasensibus

101 1983 130 2034 et
143 1975 431 2053 Aphrodisiensibus
452 1976 634 2048 conceditur,
655 1965 729 2036 irrue
749 1973 766 2045 ἦ
781 1965 863 2044 πόλις
876 1965 924 2033 nui
947 1975 971 2033 ci
985 1977 1112 2034 πολεῖται
1197 1983 1298 2050 κωμῶν
1320 1982 1434 2069 χωρίων

100 2071 298 2160 ὄχυρωμάτων
319 2070 387 2159 dpmo
410 2066 553 2160 προσόδων
578 2071 648 2160 apic
667 2071 717 2148 τὴν
738 2067 836 2154 φιλίαν
857 2065 893 2133 rii¹
912 2073 979 2153 [ἐφ”
992 2075 1072 2156 ἧμ]ῒν
1093 2079 1232 2162 κρατῶσιν
1257 2081 1307 2159 (O.
1330 2085 1356 2144 I,
1379 2085 1433 2152 Gr,

102 2175 211 2254 2737).
253 2177 401 2236 Redditur
427 2185 526 2236 autem
553 2195 625 2256 ager
650 2179 708 2252 ita,
732 2185 768 2236 ‘ut
793 2178 903 2236 habere
922 2175 1029 2251 liceat,
1056 2197 1116 2236 non
1144 2189 1300 2242 uteorum
1322 2188 1377 2260 sit,
1403 2189 1436 2248 id

101 2288 148 2338 est
168 2263 229 2338 hcc
250 2278 411 2338 Thisbaeis
433 2279 582 2352 tribuitur,
604 2285 762 2356 ntegrum
785 2298 874 2356 quem
896 2287 966 2338 ante
986 2279 1304 2360 bellumbabuissent,
1326 2296 1435 2364 postea

98 2395 223 2458 quoqne
253 2380 398 2440 baberent
428 2397 488 2438 non
520 2379 708 2440 dominorum
745 2380 828 2454 loco,
862 2381 917 2440 sed
952 2398 1182 2456 possessorum
1220 2404 1316 2462 neque
1347 2389 1435 2449 liber-

100 2489 195 2542 tatem
221 2481 381 2566 accipiunt,
412 2481 466 2540 sed
490 2482 667 2560 rediguntur
691 2483 769 2541 inter
793 2481 930 2540 civitates
957 2481 1165 2559 stipendiarias
1193 2484 1235 2560 (v.
1260 2487 1438 2566 Marquardt

101 2583 215 2643 enchir.
232 2581 261 2654 3,
279 2583 306 2654 l,
324 2580 407 2660 265).
423 2615 465 2626 --
486 2583 564 2642 Tam
587 2563 765 2662 [reJus[o]aio
785 2599 876 2658 quam
899 2571 1073 2661 [λι]μέ[ν]ων
1094 2583 1259 2646 Fcucartus
1280 2593 1439 2668 proposuit

100 2685 158 2744 hoc
180 2683 370 2762 praeferens,
398 2683 478 2760 quod
500 2684 598 2760 capite
620 2691 764 2760 sequente
785 2694 894 2762 agatur,
916 2683 952 2740 de
974 2684 1111 2761 templis3
1140 2693 1171 2744 at
1192 2705 1228 2744 eo
1250 2690 1348 2766 capite
1369 2711 1437 2752 cum

101 2793 211 2862 agatur
230 2784 266 2842 de
288 2784 481 2858 sacerdotiis,
507 2785 556 2843 hic
578 2785 702 2852 delubra
722 2784 820 2842 omitti
840 2793 1007 2860 nequeunt,
1035 2804 1103 2874 eum
1125 2787 1206 2863 quod
1227 2789 1336 2848 adsunt
1356 2793 1437 2871 apud
1526 2805 1531 2814 '

100 2886 225 2946 Livium
247 2893 277 2943 et
295 2885 466 2964 Polybium,
487 2894 552 2944 tum
573 2885 654 2962 quod
674 2885 742 2964 ipsa
761 2903 810 2944 res
832 2886 968 2962 requirit,
991 2893 1024 2943 ut
1044 2887 1217 2946 universum
1239 2890 1336 2950 solum
1358 2895 1438 2970 quod

100 2987 159 3046 fuit
187 2986 296 3064 populi
323 3003 390 3046 sese
417 2985 551 3057 dedentis
578 2995 640 3046 tam
667 3004 786 3046 sacrum
814 3004 904 3062 quam
930 2987 1090 3064 profanum
1117 2988 1223 3048 victori
1248 2993 1352 3070 populi
1372 3012 1439 3070 per-

101 3090 249 3152 mittatur.
293 3085 395 3162 Quare
422 3105 604 3165 quamquam
629 3087 718 3146 etiam
740 3092 846 3164 portus
865 3093 946 3145 reete
971 3087 1021 3146 hie
1040 3087 1139 3147 locum
1161 3089 1272 3150 habere
1292 3095 1390 3169 potuit
1410 3103 1441 3154 et

100 3189 234 3266 pluralis
248 3187 378 3248 sortasse
399 3189 547 3261 excusari,
568 3188 661 3248 malui
676 3188 775 3248 locum
797 3187 869 3246 dare
891 3187 1033 3264 antiquae
1055 3196 1085 3246 et
1098 3190 1263 3250 tralaticiae
1283 3193 1439 3254 formulae.

100 3281 246 3373 Πρέσοδιι
267 3289 380 3349 reditus
403 3296 487 3361 sunt,
515 3307 592 3366 quos
613 3290 743 3368 populus
766 3307 831 3348 sese
852 3287 964 3373 dedens
986 3307 1026 3346 ex
1049 3289 1116 3348 solo
1138 3309 1198 3348 non
1221 3309 1276 3350 suo
1297 3296 1440 3373 percepit,

103 3401 135 3466 ut
155 3398 234 3469 puta
254 3391 367 3463 tributa
387 3408 493 3468 regum
521 3390 566 3448 vel
593 3391 772 3468 populorum
797 3389 859 3464 ipsi
885 3388 1081 3448 subditorum.
1124 3380 1210 3473 ‘'Opu
1236 3393 1285 3451 vel
1311 3386 1368 3477 ὅροι
1396 3396 1441 3472 (id

104 3494 185 3566 enim
210 3491 425 3552 restituendum
446 3509 514 3550 esse
535 3509 627 3570 supra
643 3509 674 3568 p.
687 3489 747 3551 286
763 3488 822 3550 ui
840 3489 981 3566 vidimus)
1001 3490 1184 3568 respondent
1200 3493 1336 3554 terminis
1350 3494 1441 3570 Livii,

101 3587 176 3678 ὅροις
199 3593 296 3652 titulis
317 3593 407 3652 modo
428 3593 520 3651 citati.

187 3693 298 3772 Capite
326 3694 456 3770 secundo
484 3692 525 3768 (v.
554 3691 703 3770 20-24)
731 3701 852 3752 cavetur
880 3693 917 3751 de
943 3692 1168 3770 magistratibus
1196 3701 1227 3752 et
1255 3697 1441 3772 sacerdotiis

100 3796 176 3856 item
205 3795 244 3854 de
269 3795 469 3874 vectigalibus
495 3794 624 3880 publicis
650 3783 904 3854 administrandis.
952 3792 997 3852 Ut
1028 3812 1065 3854 ea
1091 3794 1192 3853 omnia
1218 3796 1250 3854 in
1278 3813 1334 3854 suo
1362 3807 1443 3858 statu

101 3904 259 3967 maneant,
280 3897 312 3955 id
333 3903 380 3954 est
400 3905 433 3956 ut
454 3913 524 3956 suas
545 3895 627 3973 leges
651 3894 797 3968 Thisbaei
818 3894 975 3968 retineant,
997 3913 1058 3952 non
1077 3903 1138 3954 tam
1161 3898 1332 3966 enuntiatur
1352 3916 1443 3974 quam

100 4000 197 4058 tacite
220 3996 388 4058 admittitur
403 3997 577 4082 condicione
596 3995 748 4072 imposita,
770 4003 803 4054 ut
821 4015 875 4073 per
894 3995 995 4055 decem
1016 4013 1113 4056 annos
1126 3998 1283 4072 proximos
1297 3999 1443 4059 Thisbaei

101 4101 122 4159 ii
147 4100 221 4173 soli,
247 4100 391 4176 quiante
413 4097 798 4176 oppugnationemoppidi
823 4097 861 4156 ud
881 4097 1036 4157 Romanos
1059 4097 1272 4172 descivissent,
1298 4099 1331 4158 in
1351 4101 1443 4160 rebus

102 4211 133 4261 et
160 4200 365 4277 vectigalibus
393 4199 522 4276 publicis
550 4197 795 4258 administrandis
821 4205 992 4271 versentur,
1023 4198 1133 4276 reliqui
1158 4219 1213 4259 nec
1237 4201 1367 4264 honores
1395 4220 1444 4260 ea·

101 4310 237 4380 pessunt
258 4319 313 4360 nec
334 4300 471 4377 publicos
493 4299 607 4360 reditus
627 4306 763 4367 tractent.
794 4299 879 4358 Haec
901 4318 999 4376 poena
1020 4309 1065 4360 est
1086 4311 1173 4359 extra
1194 4301 1330 4360 ordinem
1351 4303 1444 4373 sociis

100 4403 327 4462 Haliartiorum
349 4409 380 4460 et
401 4399 625 4460 Coronaeorum
646 4400 801 4480 imposita;
826 4399 1023 4460 illudentem
1045 4401 1134 4460 etiam
1156 4402 1194 4460 ad
1215 4403 1349 4479 reliquas
1371 4404 1445 4466 civie

101 4513 185 4564 tates
216 4502 428 4580 stipendiarias
456 4501 574 4562 videtur
599 4503 762 4579 pertinere,
795 4501 876 4579 quod
901 4501 1009 4560 iisdem
1036 4518 1109 4562 suae
1135 4503 1218 4580 leges
1246 4522 1307 4563 non
1333 4505 1445 4564 diserte

100 4606 283 4677 reddantur,
310 4603 364 4662 sed
384 4603 533 4682 precario,
560 4622 615 4662 nec
639 4621 709 4661 raro
728 4603 857 4662 fortasse
883 4603 914 4661 in
936 4611 1053 4680 tempus
1081 4610 1206 4678 tantum,
1227 4605 1444 4681 relinquantur.

101 4706 219 4784 Neque
246 4703 325 4763 enim
351 4722 387 4762 eo
414 4703 556 4764 differunt
581 4703 718 4763 civitates
741 4703 954 4782 stipendiariae
976 4723 995 4764 a
1015 4703 1132 4778 liberis,
1158 4705 1338 4782 quodsum
1360 4707 1444 4784 leges

101 4808 178 4867 illae
205 4824 269 4864 non
291 4805 403 4864 habent
428 4805 471 4882 (v.
493 4805 669 4881 Marquardt
694 4805 715 4863 l.
737 4803 793 4880 a),
821 4803 875 4863 sed
900 4804 982 4880 quod
1007 4804 1055 4864 his
1081 4804 1108 4862 si
1133 4823 1194 4864 non
1220 4807 1287 4883 lege
1314 4807 1444 4884 publiea,

101 4915 189 4970 certe
218 4915 343 4966 senatus
370 4908 506 4967 consulto
533 4907 763 4984 confirmantur,
787 4905 848 4964 illis
874 4905 917 4964 ita
943 4906 1167 4982 relinquuntur,
1195 4913 1229 4965 ut
1254 4906 1381 4966 liberum
1406 4907 1446 4966 sit

102 5007 234 5071 senatui
253 5023 306 5066 eas
327 5026 396 5066 cum
417 5008 491 5066 velit
510 5008 549 5066 iis
571 5007 711 5066 adimere.

192 5107 298 5184 Caput
318 5109 438 5168 tertium
462 5109 503 5185 (v.
528 5107 665 5184 25-27)
687 5109 767 5167 bona
787 5107 906 5184 privata
926 5105 970 5166 ita
989 5107 1154 5178 confirmat,
1180 5116 1214 5164 ut
1235 5115 1353 5168 maneat
1373 5111 1445 5168 item

104 5209 298 5288 stipendium
320 5218 409 5271 antea
434 5209 473 5270 iis
499 5210 681 5288 impositum.
724 5207 822 5270 Aliter
849 5207 928 5268 enim
953 5208 1045 5268 verba
1071 5226 1090 5266 a
1111 5206 1261 5269 Fcucarto
1286 5228 1346 5269 non
1366 5220 1445 5270 recte

1201 5309 1238 5368 21
